2790 4988
709 322 920 387 „12-

289 489 344 556 ubi
366 497 414 558 θεῖ
433 490 513 557 falso
535 492 712 557 immixtum
736 497 794 572 est,
818 492 902 571 quod
926 489 1002 555 mibi
1026 508 1181 571 apparere
1204 489 1348 555 videtur

291 594 387 658 etiam
421 614 458 658 ex
488 595 632 675 sequenti
666 594 931 677 interrogatione,
967 609 1048 672 quae
1080 592 1157 656 item
1188 592 1256 655 sine
1292 597 1346 658 est

293 702 408 761 exstat.

379 798 445 863 Mil.
476 817 504 863 v.
529 801 612 866 1003
644 802 726 866 Tem
755 804 860 864 oeten
887 798 948 863 iilo
978 799 1054 879 ipso
1074 799 1208 863 dimicem
1231 800 1348 879 lepida

290 901 447 981 minisque
475 902 583 967 nitida
610 905 750 985 femiae:
783 903 829 967 sie
851 901 888 980 B,
916 900 969 965 eb
992 909 1100 963 autem
1130 902 1251 980 ipsost,
1289 901 1348 966 ubi

292 988 339 1065 θεῖ
370 1002 445 1066 item
476 1002 556 1067 falso
589 1006 733 1070 additum
765 1012 813 1068 est
844 1003 884 1067 ab
919 1021 972 1082 eo,
1008 1002 1061 1083 qui
1094 1002 1225 1084 ignarus
1256 1008 1348 1067 esset

291 1103 387 1168 huius
410 1122 494 1169 usus.

377 1206 445 1271 Mil.
470 1226 497 1273 v.
520 1208 583 1273 519
605 1208 661 1273 Ilo
681 1207 746 1274 islo
766 1209 770 1290 Ι
790 1209 886 1273 boios
907 1207 1020 1272 similis
1041 1208 1167 1270 nostrai
1189 1212 1255 1272 toa.

377 1308 421 1371 B²
448 1311 629 1375 emendavit
658 1312 782 1392 primae
813 1329 923 1374 manus
954 1309 1147 1387 scripturam
1176 1311 1277 1388 iside,
1312 1316 1350 1376 et

293 1414 329 1474 ut
352 1410 460 1476 hiatus
476 1412 639 1477 tolleretur
662 1413 790 1494 scripsit
806 1414 842 1476 R.
865 1414 968 1489 θἐῖθεῖ,
991 1411 1116 1490 Ussing.
1138 1413 1241 1488 istest,
1264 1412 1350 1476 Rib-

292 1511 388 1577 beck:
420 1515 469 1578 ite
495 1517 594 1581 i'steeo
628 1517 725 1580 boios
745 1516 859 1580 similis
882 1520 928 1579 θεῖ
959 1519 1088 1578 costroe
1120 1518 1195 1592 teo;
1225 1512 1351 1579 minine

293 1618 341 1678 θεῖ
375 1615 577 1682 desideratur
607 1625 640 1680 et
670 1617 825 1682 incertum
858 1622 922 1695 est,
963 1616 1017 1680 ubi
1046 1616 1090 1679 sit
1120 1615 1349 1696 inserendum3

293 1714 402 1781 hiatus
433 1719 556 1783 tollitur
585 1725 618 1784 et
648 1718 807 1783 tollendus
838 1724 887 1783 est
917 1716 1019 1782 forma
1049 1719 1164 1795 istaec,
1197 1735 1280 1798 quae
1304 1719 1351 1783 de

293 1820 405 1884 eadem
428 1839 564 1902 persona
587 1822 691 1903 posite
715 1826 764 1886 est
786 1840 814 1884 v.
837 1821 909 1885 516.

380 1922 501 1988 Eadem
524 1923 651 1988 omissio
675 1925 874 1988 concedenda
898 1928 947 1987 θεῖ
968 1922 1076 2003 generi
1099 1922 1220 1985 neutri:

379 2024 474 2090 Poen.
503 2045 531 2091 u.
564 2027 625 2090 728
656 2025 760 2090 Haud
788 2027 919 2091 dubium
945 2027 982 2090 id
1011 2025 1146 2106 quidem.
1191 2024 1351 2105 Geppert.

295 2128 422 2209 quidem
444 2135 498 2194 θεῖ.

380 2230 448 2295 Mil.
479 2250 508 2295 r.
537 2231 602 2296 406
633 2229 769 2296 Dedeem
798 2231 908 2312 edepol
934 2229 1073 2311 pionem
1088 2227 1100 2314 Η
1116 2229 1172 2293 boo
1203 2228 1270 2312 (laic
1306 2232 1352 2316 A)

296 2333 423 2413 quidem
445 2335 487 2399 B.

381 2454 420 2499 ne
443 2436 494 2502 hio
524 2435 650 2518 quidem
673 2436 849 2517 putandum
878 2440 927 2500 est
949 2434 1102 2516 optimam
1130 2439 1228 2514 atque
1250 2453 1352 2500 unam

297 2537 452 2602 medelam
475 2538 584 2604 hiatus
607 2557 674 2604 esse
697 2540 836 2604 inserere
859 2537 988 2601 verbum
1011 2536 1259 2601 substantivum.

384 2639 417 2704 Si
440 2640 506 2706 Mil.
537 2661 565 2706 v.
588 2643 629 2706 99
653 2641 705 2706 BC
734 2640 869 2706 hebent:
903 2640 984 2705 nibil
1005 2640 1108 2703 herde
1130 2640 1186 2703 boo
1209 2640 1352 2722 quidem,

300 2743 326 2805 A
342 2746 448 2807 autem
466 2745 630 2826 quidemst,
654 2763 714 2808 non
737 2744 841 2809 minus
855 2741 947 2807 facile
963 2743 1039 2806 addi
1054 2742 1161 2823 potnit
1182 2745 1230 2805 θεῖ
1250 2759 1352 2822 quam

298 2845 403 2908 omitti
425 2854 522 2926 atque
546 2847 651 2911 malim
675 2866 746 2912 cum
768 2846 823 2913 BG
846 2846 937 2910 libris
960 2842 1073 2922 lacere,
1104 2843 1179 2925 quia
1202 2843 1233 2905 iu
1256 2851 1354 2912 ante·

298 2946 485 3013 cedentibus
509 2950 631 3015 verbis:
664 2950 755 3015 Istoc
786 2949 912 3031 quidem
946 2947 1056 3028 edepol
1085 2945 1168 3010 nihil
1198 2949 1260 3023 est,
1295 2948 1354 3012 ubi

300 3053 346 3112 est
368 3053 581 3118 necessarium
605 3058 655 3118 est
678 3051 800 3132 versui,
827 3051 924 3116 etiam
947 3049 979 3113 in
1001 3048 1054 3113 Be
1076 3053 1198 3125 exstat,
1220 3065 1294 3112 eum
1320 3051 1353 3114 in

163 3185 168 3195 ·
299 3150 394 3215 Aex
427 3152 476 3216 his
508 3153 613 3218 verbis
644 3155 797 3220 insertum
829 3153 872 3218 sit
904 3151 982 3215 illud
1013 3150 1152 3215 alterum
1184 3154 1239 3213 est.
1287 3150 1354 3216 Sed

299 3273 394 3335 quam
418 3274 476 3319 non
501 3257 606 3321 omnia
628 3257 658 3320 in
683 3276 776 3322 unam
799 3255 933 3321 formam
956 3252 1131 3333 redigenda
1154 3252 1228 3332 sint,
1251 3252 1355 3318 etiem

301 3375 399 3439 saepe
421 3358 451 3421 in
476 3360 546 3441 ipsa
568 3360 666 3424 tertie
688 3359 860 3440 singularis
883 3374 1018 3438 persona
1041 3355 1227 3419 videbimus.

386 3462 472 3538 Quos
493 3462 578 3526 locos
600 3480 708 3527 omues
731 3461 849 3526 iniuria
863 3464 1004 3524 mutatos
1025 3474 1094 3522 esse
1116 3456 1157 3520 ab
1173 3454 1355 3522 editoribus

301 3564 363 3627 iam
397 3562 607 3630 intelleximus
631 3585 667 3628 ex
690 3564 793 3645 prima
816 3568 913 3642 atque
935 3560 1075 3625 secunda
1095 3575 1232 3638 persona
1252 3562 1357 3640 atque

302 3666 400 3731 etiam
430 3669 532 3750 magis
570 3667 791 3747 intellegemus
821 3665 847 3729 si
880 3661 1105 3728 contulerimus
1137 3659 1285 3741 exempla
1315 3681 1358 3728 ex

302 3767 460 3834 Ciceronis
482 3771 627 3851 epistulis
657 3769 813 3850 repetita:
845 3766 886 3829 ed
909 3765 977 3828 Αῖῖ.
1000 3764 1085 3841 XIV,
1110 3765 1159 3842 12,
1184 3764 1200 3826 1
1233 3763 1358 3846 digmus

301 3872 355 3936 ille
377 3875 503 3956 quidem
526 3876 610 3938 meai
631 3891 747 3956 repleo:
779 3869 851 3946 XII,
885 3869 923 3932 10
955 3873 1030 3932 liius
1052 3871 1158 3930 aetem
1180 3865 1271 3928 dolor
1293 3865 1358 3930 ltu-

302 3997 417 4042 mooees
448 3980 475 4043 is
506 3977 647 4060 quidem,
678 3974 734 4038 sed
761 3993 876 4055 mopao
906 3991 998 4052 opere
1026 3967 1264 4044 moderaedes;
1298 3967 1358 4050 IX,
