2768 4710
581 309 794 376 ..25-

251 482 344 563 Epid.
367 501 397 546 v.
419 481 482 548 285
517 483 599 548 Tana
628 489 663 548 ta
691 481 800 565 iqitor,
831 481 861 545 si
882 480 961 563 qnid
982 483 1124 556 coturno,
1147 499 1213 561 ape.

250 585 364 666 Amph.
386 605 415 650 v.
437 586 502 650 320
534 583 572 651 Si
592 587 628 650 in
649 606 698 650 me
719 583 934 661 exerciturus,
957 602 1075 664 quaeso
1096 582 1133 645 ia
1149 601 1213 662 pa-

163 689 273 751 rictem
294 692 331 751 ut
346 689 491 768 primum
511 689 624 753 domes.
1014 701 1016 706 '

250 789 341 854 Truc.
365 809 394 854 v.
420 787 480 853 150
503 787 541 855 Si
562 791 726 854 orationes
747 788 938 866 Hobiiuras,
962 789 1019 870 qui
1046 788 1140 851 orori
1161 807 1212 852 so-

165 891 239 969 lent,
263 892 308 955 od
322 912 443 973 pucros
466 894 513 956 irc
534 893 668 957 meliust.

252 993 319 1058 Bc:
350 994 525 1073 mitanis,
548 995 605 1058 sed
627 1013 687 1059 non
710 999 778 1074 est,
800 992 883 1074 quod
907 1009 979 1056 cum
1001 989 1140 1054 Meursio
1162 1007 1212 1054 co-

164 1096 302 1177 gitemus
325 1097 365 1160 de
387 1096 484 1162 verbo
505 1096 674 1163 habitacio.

252 1197 341 1262 Asin.
363 1217 393 1262 r.
416 1198 494 1263 612:
517 1198 616 1264 Hanc
638 1199 713 1281 quoi
734 1198 880 1274 datarus,
903 1196 987 1260 banc
1007 1196 1079 1260 inte
1096 1201 1215 1277 petere.

249 1300 401 1365 Videmus
436 1300 536 1380 igitur
567 1306 615 1365 tot
644 1299 788 1380 exempla
817 1315 887 1362 esse
915 1297 1032 1362 similia
1063 1302 1097 1362 et
1127 1298 1211 1362 inter

164 1421 199 1465 se
229 1401 381 1467 acerrime
411 1402 630 1482 defendentia,
660 1406 696 1468 ut
728 1402 773 1481 is,
806 1399 861 1481 qui
894 1418 932 1464 ea
959 1398 990 1462 in
1021 1418 1117 1464 unum
1141 1417 1214 1463 con-

164 1510 309 1584 spectum
332 1503 448 1569 collata
463 1505 590 1583 viderit,
613 1506 677 1570 iam
701 1524 762 1570 non
785 1504 903 1569 audeat
925 1520 963 1566 ea
986 1508 1118 1566 mutare.
1152 1501 1215 1565 Sed

165 1612 201 1670 ut
222 1606 304 1671 hanc
335 1625 400 1670 rem
433 1607 529 1671 etiam
561 1608 680 1672 certius
702 1607 920 1684 absolvamus,
950 1623 1032 1669 nunc
1055 1621 1108 1667 eos
1129 1603 1215 1667 locos

165 1707 386 1787 inspiciamus,
417 1707 531 1788 quibus
560 1729 593 1773 cs
623 1709 778 1775 traditum
809 1713 858 1773 est
880 1707 967 1788 apud
988 1704 1089 1771 futuri
1114 1705 1214 1787 parti·
1279 1705 1282 1713 ’

165 1809 291 1889 cipium.
336 1810 443 1891 Atque
463 1812 601 1890 primum
623 1811 751 1892 quidem
774 1811 811 1875 R.
834 1809 946 1874 scribit
967 1809 1065 1874 etiam

252 1909 352 1975 Stich.
375 1930 404 1974 v.
428 1911 506 1976 633:
538 1914 618 1994 qnid
640 1912 804 1994 captaro's
826 1911 947 1988 consili,
969 1911 1025 1975 sed
1049 1911 1076 1973 B
1098 1909 1213 1975 habet:

165 2034 197 2076 as
227 2017 398 2094 capturos,
432 2015 516 2094 quod
547 2014 695 2095 quoniam
725 2013 812 2078 locus
843 2019 893 2077 est
923 2013 1016 2076 valde
1046 2018 1214 2092 corruptus

165 2132 225 2177 non
249 2132 321 2178 cum
336 2114 564 2194 probabilitate
585 2119 739 2193 mutatur,
761 2113 948 2195 praesertim
964 2131 1035 2179 cum
1051 2113 1130 2178 haec
1153 2113 1216 2177 col-

163 2216 278 2280 locatio
311 2215 479 2282 verborum
508 2218 551 2282 sit
578 2217 718 2295 usitata,
749 2220 786 2281 ut
808 2220 943 2296 apparet
971 2234 1009 2279 ex
1039 2215 1210 2285 Pseudo.

171 2318 230 2383 751
263 2317 328 2383 Sed
348 2319 429 2400 qnid
449 2339 481 2383 es
503 2319 658 2385 cetoros?
702 2319 796 2383 Poen.
818 2338 848 2383 r.
872 2316 935 2382 305
962 2315 1000 2382 Si
1032 2318 1158 2400 quidem
1180 2322 1216 2381 tu

169 2442 201 2485 cs
222 2441 342 2485 mecum
362 2422 504 2502 futuras.
547 2421 661 2486 Pseud.
682 2441 712 2486 v.
735 2421 797 2485 387
825 2419 908 2486 (ledo
929 2421 996 2484 iam
1016 2419 1110 2498 mibi,
1138 2420 1218 2501 quid

169 2544 202 2586 es
221 2523 395 2603 facturus?
438 2523 532 2589 Bach.
555 2544 583 2589 v.
607 2523 670 2589 716
704 2525 783 2607 quid
803 2543 890 2588 nune
912 2543 944 2587 es
972 2522 1147 2605 factores?
1179 2522 1217 2586 id

168 2625 246 2687 anilii
266 2624 327 2689 die.
371 2624 485 2706 Amph.
508 2644 536 2690 v.
559 2626 623 2690 393
662 2628 778 2693 Verum
805 2631 880 2692 uini
908 2647 941 2691 es
968 2627 1128 2707 factores,
1159 2624 1215 2689 boc

169 2725 296 2807 quidem
317 2726 419 2792 bercia
448 2728 528 2793 tout
548 2730 681 2794 reticebo
704 2735 818 2808 tamea
850 2728 905 2794 ubi
928 2728 1055 2792 minime
1079 2726 1216 2793 debebat

169 2827 322 2892 Fleckeis.
344 2835 550 2910 transponere
566 2853 598 2896 es
611 2833 762 2914 facturos
776 2849 875 2912 eoque
888 2830 1027 2897 scribere
1047 2829 1215 2911 faetara’s.

170 2927 279 3010 Neque
311 2930 413 3010 magis
442 2949 522 3011 opus
551 2938 601 2997 est
623 2939 748 2997 mutare
777 2934 859 2998 Rud.
884 2951 911 2996 n.
934 2933 1015 2998 469:
1049 2931 1161 2995 Etiam
1184 2930 1216 2993 e's

172 3036 343 3112 accepturo
363 3053 481 3097 mama
502 3035 602 3099 bane:
631 3035 686 3100 obi
707 3037 767 3099 io’s
788 3035 951 3118 ponticam?
984 3032 1037 3109 ubi
1059 3031 1106 3094 Fl.
1130 3030 1216 3094 haud

170 3137 271 3198 recte:
294 3137 493 3217 accepturos
514 3137 656 3201 ornam?
699 3137 788 3202 Idem
810 3137 890 3201 Rud.
913 3155 942 3200 v.
964 3133 1027 3199 467
1055 3133 1110 3198 nbi
1133 3133 1217 3196 tt's?

171 3236 307 3300 etiamne
328 3237 412 3303 boae
432 3240 551 3303 troam
572 3260 605 3303 cs
627 3238 827 3320 deceptrice?
848 3238 949 3302 obis?
979 3235 1216 3302 collocationem

170 3338 338 3403 verborum
374 3341 585 3406 rectissimam
624 3340 760 3405 mutavit
798 3341 845 3404 in:
884 3339 1092 3421 occepioao’s.
1145 3335 1217 3400 Alia

171 3440 315 3521 exempla
337 3460 436 3522 neque
459 3462 496 3507 ex
518 3443 626 3508 Plauti
657 3461 758 3523 neque
780 3461 818 3506 ex
839 3441 980 3507 Terentii
1002 3439 1118 3504 fabulis
1140 3436 1217 3501 mihi

171 3541 337 3606 adnotari:
361 3542 409 3608 De
431 3546 512 3610 Rud.
535 3564 564 3609 v.
590 3544 649 3608 181
673 3549 780 3610 autem
802 3542 887 3608 infra
908 3560 1049 3624 agemus.

257 3642 397 3709 Primum
413 3646 512 3728 igitur
535 3648 561 3711 si
577 3645 617 3711 iis
638 3645 724 3723 loeis,
747 3645 802 3711 ubi
824 3667 857 3710 es
872 3645 1001 3710 verbum
1018 3642 1217 3706 coniunctum

170 3748 220 3807 est
249 3761 318 3808 cum
348 3746 517 3827 participio
556 3769 588 3812 es
618 3754 693 3812 ante
722 3747 927 3828 participium
969 3745 1114 3826 ponitur,
1154 3761 1216 3807 non

172 3844 332 3910 debebant
353 3848 414 3912 viri
436 3849 522 3913 docti
544 3849 606 3913 sibi
627 3867 752 3913 sumere
775 3870 807 3913 es
829 3853 877 3912 tot
898 3847 968 3912 aliis
990 3846 1143 3927 exemplis
1164 3865 1217 3909 ex-

171 3947 287 4013 cidisse
322 3948 445 4013 incuria
481 3949 683 4015 librariorum
720 3954 794 4032 post
831 3949 1044 4031 participium.
1093 3947 1217 4013 Deinde

172 4049 272 4115 multa
287 4052 406 4116 maiore
428 4051 497 4114 iure
512 4052 669 4133 quispiam
693 4052 779 4116 ausit
793 4070 832 4116 ea
853 4070 956 4133 pauca
970 4049 1124 4129 exempla,
1147 4048 1215 4129 qui·
