2790 4988
596 303 788 367 „g-

166 475 228 541 hoc
257 475 327 540 loeo
358 479 507 541 exstaret.
553 474 625 540 Etsi
654 474 706 539 his
737 473 816 539 locis
846 493 1018 557 pronomen
1050 473 1224 554 teipsum

167 599 230 644 non
253 578 430 658 antecedit,
460 582 566 642 tamen
588 596 671 659 quae
691 596 831 659 persona
852 578 911 658 sit,
941 597 979 642 ex
1001 576 1106 642 verbis
1129 579 1224 640 ante·

168 680 352 747 cedentibus
375 680 426 745 vel
449 680 654 762 sequentibus
675 680 927 746 luculentissime
946 685 1098 761 apparet,
1122 683 1225 760 atque

167 784 206 863 ei,
228 783 283 865 qni
305 782 402 847 etiam
424 801 508 847 nune
528 782 668 849 haesitet
690 789 788 865 atque
809 782 951 863 dubitet,
974 781 1070 847 affero
1091 781 1151 846 hos
1176 780 1225 846 lo-

169 902 223 950 cos
245 884 457 950 Horatianos:

254 986 319 1052 Sat.
342 987 385 1067 11,
408 988 438 1068 3,
470 987 531 1052 128
565 992 624 1052 tum
653 986 777 1052 semus?
821 987 884 1053 275
916 1007 986 1052 cmm
1017 985 1110 1051 balbo
1139 986 1226 1067 feris

169 1110 273 1155 ammos
294 1090 389 1154 verba
406 1089 522 1171 pelato
543 1089 746 1171 Aedificomte
769 1109 877 1168 casce,
908 1090 964 1172 qm'
984 1087 1121 1154 sanior?
1155 1087 1227 1169 ubi,

169 1210 253 1275 quae
293 1211 431 1274 persona
463 1193 522 1272 sit,
555 1191 752 1273 intellegitur
791 1211 829 1256 ex
861 1191 958 1256 verbo
989 1191 1077 1271 feris.
1132 1189 1228 1267 Quae

171 1294 317 1376 exempla
339 1295 446 1358 omnia
476 1298 562 1359 recte
584 1295 704 1358 tradita
733 1313 803 1359 esse
831 1295 896 1359 iam
922 1313 1014 1358 nemo
1037 1292 1170 1374 negabit
1195 1300 1228 1359 et

170 1398 249 1480 quid
271 1398 396 1476 attinet,
419 1397 505 1478 quod
526 1395 607 1461 Men.
631 1416 659 1461 v.
682 1398 746 1462 499
769 1398 910 1461 traditur
932 1393 1020 1461 satim
1041 1415 1142 1459 sames
1168 1395 1229 1460 es?

169 1499 225 1564 ubi
248 1504 283 1564 tu
304 1500 395 1563 deest
416 1516 518 1580 neque
539 1498 587 1563 ita
608 1497 702 1564 facile
724 1499 939 1580 intellegitur,
968 1517 1051 1580 quae
1083 1498 1126 1562 sit
1148 1517 1229 1578 per·

170 1621 257 1668 sona.
303 1598 438 1683 Scripsit
468 1605 575 1666 autem
597 1600 732 1666 Plautus
760 1623 793 1666 es
814 1602 946 1667 verbum
976 1601 1015 1665 ob
1050 1619 1118 1664 eam
1142 1619 1228 1681 quo-

171 1723 233 1787 que
255 1722 401 1784 causam,
433 1705 509 1786 quia
529 1701 654 1786 syllaba
682 1709 732 1769 est
753 1706 858 1770 versui
880 1704 1068 1769 necessaria.
1112 1702 1232 1784 Neque

172 1805 284 1871 debuit
304 1806 341 1870 R.
366 1803 505 1871 scribere
526 1807 610 1871 -a'ss

257 1907 350 1973 Most.
373 1927 401 1972 ν.
425 1909 489 1973 320
511 1906 643 1990 Semper
664 1910 743 1974 istoc
764 1910 855 1974 modo
877 1907 982 1992 [tate]
1004 1911 1159 1985 moratas,

172 2010 309 2076 sirecte
330 2011 466 2076 inseruit
488 2015 553 2076 mate
575 2031 757 2093 pronomen.

258 2112 371 2178 Nonne
391 2113 492 2195 igitur
514 2115 692 2180 rectissime
713 2111 854 2181 traditur
877 2115 964 2197 apud
986 2112 1176 2177 Terentium

259 2215 387 2280 Phorm.
416 2234 444 2280 v.
476 2216 540 2282 295
571 2215 625 2282 Do
653 2217 754 2283 istae:
786 2218 978 2309 ,inpudens
1007 2216 1114 2281 timuit
1142 2217 1233 2282 adm·

176 2309 321 2397 lescems’,
350 2317 471 2402 31110111

331 2419 397 2511 ‘Tm
418 2412 555 2486 servos‘:
587 2424 746 2489 oermmsi
769 2428 937 2508 copmatest
955 2419 1119 2486 mxime?

259 2523 294 2589 Si
313 2524 359 2589 sic
372 2524 402 2587 A
417 2541 488 2589 cum
503 2525 570 2590 rell.
586 2525 683 2591 habet
700 2531 733 2592 et
747 2527 894 2591 Donatus
912 2526 944 2589 in
956 2524 1031 2588 Heo.
1048 2522 1103 2602 IV,
1128 2523 1157 2602 1,
1176 2525 1233 2605 41,

175 2629 204 2694 si
234 2627 367 2692 retinuit
397 2627 492 2692 etiam
521 2628 701 2709 Bentleius,
733 2648 789 2694 cur
818 2627 972 2693 Fleckeis.
996 2631 1027 2691 et
1057 2623 1232 2705 Umpfenb.

176 2730 320 2797 scribunt
348 2734 383 2795 ta
403 2729 542 2794 serao's?
577 2736 624 2822 ttm
645 2724 762 2797 seroos‘
786 2731 866 2797 nihil
888 2729 976 2794 aliud
997 2734 1106 2811 potest
1128 2730 1233 2811 signi-

176 2833 271 2901 ficare
292 2852 389 2915 quam
412 2836 447 2897 tm
468 2853 574 2897 servos
596 2855 638 2899 es.
681 2837 789 2916 Atque
810 2833 987 2899 invenimus

261 2935 389 3001 Phorm.
411 2955 441 3002 u.
463 2935 526 3001 496
569 2935 620 3001 Tm
651 2939 818 3019 coqmmtus,
853 2941 889 3001 tm
912 2955 1052 3017 pareas,
1082 2938 1118 2998 tm
1147 2937 1235 3000 ami-

178 3060 243 3118 cas,
265 3075 306 3084 -

262 3159 365 3224 neque
391 3140 452 3205 hoo
473 3140 543 3206 loco
565 3139 709 3206 scribunt
730 3140 869 3206 editores
891 3141 958 3219 u’s,·
985 3140 1237 3207 credideruntne

177 3245 394 3329 quaerendum
425 3261 495 3308 esse
524 3262 557 3307 es
585 3243 618 3307 in
646 3244 774 3327 ellipsi?
818 3243 882 3309 Sed
909 3243 942 3306 in
965 3261 1108 3307 sermone
1131 3242 1235 3308 collo-

178 3347 343 3432 quentium
379 3346 483 3426 primo
514 3346 623 3411 statim
660 3346 729 3411 loco
760 3346 952 3428 cogitatione
982 3345 1168 3426 suppletur,
1205 3349 1238 3413 si

179 3450 256 3533 quid
278 3447 490 3530 supplendum
512 3452 572 3528 est,
595 3448 678 3514 sicut
700 3449 797 3514 etiam
818 3449 970 3529 legimus:
998 3447 1090 3513 Adel.
1114 3467 1142 3512 v.
1166 3449 1237 3516 456

182 3552 226 3617 Te
247 3550 349 3616 solum
368 3549 525 3627 babemus,
549 3554 584 3614 tm
606 3572 639 3615 es
655 3556 827 3633 patremus,
851 3555 885 3615 tm
902 3555 1020 3632 peter:
1041 3550 1154 3615 Nonne
1178 3570 1237 3617 eo-

179 3657 253 3720 dem
275 3654 344 3718 iure
366 3653 444 3717 mihi
472 3652 582 3717 liceret
602 3653 664 3718 hoc
686 3653 864 3734 exemplum
892 3654 1064 3719 secundum
1087 3651 1144 3716 illa
1167 3655 1238 3721 duo

180 3757 290 3838 (plura
311 3760 418 3820 antem
439 3755 533 3819 huius
557 3756 683 3836 generis
704 3775 767 3818 non
788 3755 1007 3836 inveniuntur)
1027 3759 1171 3835 mutare,
1207 3759 1239 3824 si

180 3849 292 3924 vellem
322 3858 470 3922 recedere
501 3857 695 3922 alibrorum
725 3854 811 3923 fidel
854 3858 977 3922 Deinde
1006 3875 1063 3920 eur
1091 3858 1239 3929 editores

180 3984 213 4027 es
235 3962 384 4027 omissum
415 3978 485 4024 esse
513 3964 662 4024 statuunt
693 3964 767 4040 post
789 3981 843 4024 -us
866 3959 1141 4038 terminationem,
1176 3981 1240 4028 our
