2790 4988
662 325 880 394 ..82-

332 499 454 564 Deinde
477 501 616 565 traditur
638 499 705 563 Mil.
729 519 756 563 v.
774 499 838 564 364
866 495 927 564 Ubt
955 501 1015 564 tste
1046 500 1144 565 bonns
1165 500 1299 565 serens?

248 603 304 684 qni
320 624 379 681 -;
401 603 438 666 R.
460 602 553 668 metri
571 619 666 667 eausa
688 603 778 666 istest
799 602 897 666 bonna
919 623 1029 666 serons
1050 607 1083 666 et
1105 602 1243 683 spatium
1265 603 1297 667 in

250 709 276 768 A
299 705 328 768 ei
359 706 439 770 satis
463 724 610 788 magnum
632 704 809 767 videbatur.
853 704 963 785 Neque
992 723 1067 769 vero
1097 705 1200 769 minus
1224 724 1298 786 pro-

247 807 363 872 babilis
386 795 435 871 est
450 807 557 872 Bothii
580 807 759 871 coniectura
781 806 853 870 istie
876 807 982 884 bonna,
1006 824 1088 886 quae
1110 806 1205 872 etiam
1228 806 1298 872 Rit-

252 909 370 974 sehelio
400 910 537 991 placuit,
571 910 625 989 qui
653 913 758 972 tamen
789 907 910 973 frustra
940 908 1130 989 postulavit,
1163 917 1200 974 ut
1229 915 1297 975 tum

249 1017 369 1077 seroost
389 1013 608 1078 scriberemus.
653 1010 744 1087 Quod
770 1016 817 1076 est
838 1029 1107 1091 supervacaneum
1131 1019 1189 1090 est,
1219 1019 1298 1093 puto

248 1115 451 1179 scribendum
473 1132 543 1180 esse
566 1131 636 1177 eum
659 1113 774 1177 Botbio
799 1113 867 1204 tnbn'
887 1113 960 1179 tatto
982 1112 1082 1178 bonos
1103 1106 1236 1193 serons',
1259 1134 1299 1179 ne

251 1216 413 1282 deleamus
436 1217 487 1282 bie
508 1215 642 1280 formam
666 1215 792 1280 dicendi
814 1215 892 1280 bene
916 1215 1106 1280 Plautiuam.

337 1319 394 1384 Cui
418 1325 525 1383 autem
549 1317 693 1398 exempla
715 1317 863 1382 Plautina
895 1318 1032 1382 nondum
1063 1326 1299 1401 persuaserunt,

248 1423 278 1487 ei
301 1421 367 1487 alia
389 1422 573 1498 afferemus3
597 1419 648 1484 bio
671 1419 753 1483 enim
775 1438 852 1484 usus
873 1440 934 1485 non
957 1426 1006 1485 est
1024 1420 1130 1486 Plauti
1152 1423 1300 1504 proprius

251 1525 308 1589 sed
323 1524 448 1590 omnino
468 1523 620 1588 sermonis
637 1521 743 1586 Latini
759 1524 939 1589 eommunis.
983 1524 1063 1589 Nam
1080 1524 1168 1605 apud
1182 1525 1298 1589 Teren·

207 1688 211 1696 .
249 1628 330 1692 tium
348 1626 482 1709 legimus
500 1625 598 1690 Andr.
617 1645 644 1689 v.
658 1624 734 1689 637:
758 1624 928 1690 Attamen
948 1626 1015 1717 ‘aba'
1027 1618 1139 1708 fides?
1157 1628 1300 1711 atroam,

251 1730 301 1795 ntt
317 1730 445 1812 partem
465 1729 516 1793 tn‘o
548 1728 599 1793 Sic
620 1727 719 1808 igitur
740 1733 873 1809 rogatur
888 1729 1010 1793 Latine.
1056 1729 1136 1794 Fere
1159 1729 1299 1794 eiusdem

250 1832 374 1914 genens
392 1836 440 1896 est
459 1831 586 1895 Pborm.
610 1850 638 1895 v.
655 1829 719 1894 484
741 1829 908 1896 Phaedria
924 1832 980 1897 nn
998 1833 1098 1897 adest.
1138 1831 1299 1898 Ubinam?

249 1935 372 2000 Eoonrn
393 1968 434 1980 —
458 1935 524 1998 enit

333 2037 376 2101 Et
398 2035 520 2100 Ennius
542 2035 670 2117 scripsit
685 2035 774 2100 Alex.
792 2033 851 2117 frg.
870 2038 926 2102 77:
956 2036 1017 2103 Ubi
1038 2037 1099 2102 illo
1121 2042 1178 2102 tna
1194 2037 1299 2119 ponto

214 2137 221 2150 '
249 2146 324 2206 onte
346 2140 477 2220 sopiens
498 2137 651 2222 ntroinott
672 2139 851 2203 modestia?

333 2243 439 2321 Atque
468 2241 531 2306 (lic.
559 2240 601 2304 ad
623 2242 689 2305 Att.
712 2241 750 2318 X,
773 2243 845 2319 9,2
876 2243 931 2307 nbi
958 2243 1012 2307 one
1043 2263 1115 2326 erqo
1146 2241 1298 2307 animos?

249 2365 348 2428 quern
365 2339 525 2427 proximis
556 2342 692 2407 litteras?
743 2343 836 2424 XIII,
859 2345 957 2417 40,1
990 2344 1045 2409 on
1073 2345 1173 2428 tattnr
1202 2343 1299 2429 φιλο·
1383 2336 1385 2338 ’

249 2444 388 2532 τέχνημα
410 2446 493 2511 torno
515 2451 620 2524 tnnrn,
652 2447 735 2528 qnod
756 2447 823 2511 uirtn'
843 2448 880 2510 tn
901 2446 1130 2511 Parthenone?
1162 2447 1203 2510 ad
1226 2445 1300 2512 fam.

250 2550 319 2629 XV,
344 2550 392 2627 18,
413 2550 427 2610 1
445 2549 500 2613 nbi
515 2550 624 2633 tettan,
646 2550 780 2631 o'nqnn'es,
797 2547 1025 2630 philosophia?
1048 2553 1105 2614 tna
1122 2549 1247 2632 qaroem
1264 2550 1301 2613 in

251 2653 369 2730 antina,
391 2672 462 2717 meo
483 2652 519 2715 tn
535 2651 708 2732 palaestro
730 2655 784 2715 est.

336 2755 372 2818 In
403 2753 521 2819 talibus
552 2753 653 2833 igitur
681 2752 855 2818 enuntiatis
885 2753 991 2817 omitti
1019 2771 1111 2834 posse
1139 2759 1198 2832 est,
1228 2753 1301 2833 quis

251 2857 347 2922 etiem
375 2874 457 2920 nune
479 2855 635 2936 negabit?
679 2856 721 2919 Et
753 2856 793 2919 ad
824 2856 1014 2920 sententiam
1044 2874 1145 2921 meam
1176 2861 1301 2922 susten·

250 2961 381 3025 tandem
405 2959 500 3024 etiam
524 2957 753 3038 afferi'potest:
776 2957 853 3023 Cist.
875 2957 932 3038 IV,
957 2962 984 3038 1,
1012 2959 1049 3022 16
1071 2980 1148 3023 narn
1168 2959 1301 3037 obseoro,

250 3064 335 3127 ande
357 3063 434 3126 boeo
454 3061 618 3145 oentlnna?
661 3060 736 3125 Hor.
754 3060 881 3139 Satn,
902 3063 929 3138 1,
949 3061 991 3125 52
1013 3062 1100 3126 ande
1123 3063 1189 3126 nist
1213 3063 1303 3126 intns

250 3164 486 3230 monstratam?
508 3169 541 3229 et
562 3162 601 3227 ol.
617 3182 697 3244 quae
711 3163 878 3228 attulimus
899 3168 977 3228 annt
996 3162 1103 3229 omissi
1127 3165 1160 3228 in
1177 3163 1298 3229 talibus

250 3266 551 3349 interrogationibus
565 3265 710 3346 exempla
732 3274 774 3346 (p.
793 3267 847 3343 71)
863 3265 892 3347 ¹)

337 3369 423 3446 Quid
438 3374 544 3434 autern
568 3367 694 3446 attinet,
717 3372 743 3432 si
767 3369 799 3433 in
822 3368 894 3433 aliis
916 3368 1003 3432 baud
1018 3363 1128 3448 paneis
1150 3369 1303 3450 exemplis

252 3471 387 3536 Plautus
408 3470 516 3552 posuit
538 3469 606 3534 est?
629 3471 655 3534 si
679 3471 776 3535 etiam
795 3469 882 3551 apud
901 3469 1082 3535 Terentium
1099 3477 1227 3552 praeter
1248 3473 1303 3537 nbi

250 3574 331 3656 [tetes
361 3573 521 3638 invenitur
551 3572 713 3638 ubinamst
738 3573 843 3655 fides?
893 3572 983 3637 Haut
1014 3594 1042 3639 v.
1069 3574 1155 3638 256?
1203 3573 1303 3639 Velut

253 3676 349 3741 Baoh.
371 3675 481 3742 1872
503 3669 619 3740 Plauto
641 3695 721 3757 opus
743 3675 805 3739 fuit
827 3680 874 3741 est
893 3676 1000 3755 verbo,
1022 3683 1060 3740 ut
1081 3677 1205 3757 plenum
1231 3695 1301 3741 ver-

252 3795 322 3843 sum
345 3779 508 3845 conderet:
535 3778 621 3859 Qntd
644 3779 785 3844 alanos?
827 3777 888 3844 un
910 3799 984 3842 erne
1006 3783 1082 3844 tons
1104 3778 1174 3843 est?
1213 3777 1302 3844 Nos·

324 3938 349 3996 1)
367 3937 441 3995 Prop.
462 3935 507 3993 111,
527 3936 567 3994 32,
586 3938 617 3982 41
637 3951 671 3982 on
688 3935 813 3993 qumquam
829 3934 855 3980 in
867 3940 934 3981 tanto
946 3942 1080 3994 stupratam
1092 3935 1198 3981 enamo'ne
1211 3915 1303 3994 quaerit

256 4036 307 4092 ‘oar
323 4020 382 4067 leaeo
404 4027 453 4066 tam
478 4020 560 4067 dines?
586 4020 637 4080 qaia
663 4020 746 4067 11εᾶ111
770 4019 831 4067 aa&
856 4013 946 4066 deon’r
981 4021 1054 4080 Verg.
1074 4020 1118 4067 ael.
1139 4020 1171 4081 X,
1190 4021 1221 4067 21
1239 4019 1302 4066 1111111

253 4120 323 4153 amor
339 4107 390 4165 iate,
408 4113 502 4166 renunt,
519 4105 579 4152 tibi?
