2790 4988
582 283 796 347 481.-

91 531 93 534 ,
168 456 300 521 tandum
323 459 380 532 est,
403 453 478 536 quin
501 458 587 518 recte
609 473 643 519 se
665 453 783 518 habeat
804 452 1031 534 interrogatio:
1058 454 1144 535 Quid
1162 455 1218 520 tibi

167 579 288 624 raecum
309 556 440 622 autem?

254 660 299 724 Ut
321 678 402 724 nunc
417 659 628 739 adiungamus
649 657 915 738 interrogationes
930 658 970 722 ab
994 659 1049 723 ubi
1066 659 1217 741 incipien-

169 769 232 843 teS,
256 782 315 826 non
339 780 506 844 possumus
529 760 635 826 facere
656 760 731 841 quin
755 760 979 824 admoneamus
1000 760 1086 826 illins
1108 780 1218 826 versus

169 866 255 930 Asin.
278 864 354 929 196:
385 864 439 929 ubi
469 864 561 929 illaec
591 884 672 945 quoe
703 863 776 928 dedi
805 862 905 927 unte?
936 881 1028 942 quem
1058 865 1217 946 integrum

169 959 364 1047 reliquerunt
393 965 453 1031 viri
476 965 570 1031 docti.
614 963 677 1043 Qui
699 968 805 1029 autem
830 964 882 1029 hic
911 971 989 1031 suut
1016 966 1121 1030 omitti
1144 985 1217 1032 con-

170 1071 283 1136 cedere
307 1070 411 1147 debet,
433 1069 461 1133 is
482 1066 714 1132 inconstantiae
730 1067 961 1132 convincendus
982 1074 1041 1144 est,
1063 1068 1091 1132 si
1107 1070 1216 1133 eadem

169 1172 351 1238 condicione
370 1176 417 1236 est
429 1172 539 1235 deesse
553 1188 644 1251 posse
662 1169 835 1251 negaverit.
864 1171 978 1250 Itaque
993 1171 1110 1252 integri
1123 1171 1217 1236 reliu-

169 1275 285 1356 quendi
308 1280 383 1339 suut
405 1273 542 1370 primum
565 1272 599 1336 hi
620 1290 729 1338 versus
753 1272 908 1337 Plautini:

254 1386 324 1451 Cas.
347 1405 375 1450 r.
393 1385 456 1448 438
486 1381 546 1450 Ubi
568 1388 626 1464 tua
646 1383 753 1447 aaa?
796 1382 892 1448 Iatros
913 1385 973 1450 atta
996 1390 1154 1452 temneret

255 1494 351 1568 atque
374 1487 427 1551 hic
448 1487 576 1568 quidem
600 1486 652 1551 vix
674 1485 841 1565 quisquam
864 1485 1039 1551 immisceat
1061 1493 1116 1566 est,
1139 1488 1217 1568 quia

170 1609 280 1657 versus
301 1591 334 1654 id
359 1595 447 1654 vetat
467 1588 547 1670 fieri,
569 1589 626 1654 sed
649 1587 827 1668 ubicunque
850 1588 882 1653 in
904 1589 962 1653 tali
979 1590 1143 1655 enuntiato
1166 1609 1217 1654 oc·

171 1693 270 1759 currit
293 1692 421 1757 verbum
445 1692 477 1756 iu
500 1713 555 1756 -us
578 1692 760 1768 terminans,
787 1708 847 1755 non
870 1695 1019 1755 verentur
1043 1696 1056 1756 t
1076 1692 1216 1757 litteram

169 1795 357 1860 adscribere.
402 1795 494 1873 Quod
516 1793 636 1858 faciunt
657 1792 826 1858 falsissime
848 1792 952 1857 velut:

255 1897 344 1962 Curc.
367 1915 395 1960 v.
409 1898 472 1963 437
496 1897 550 1962 ubi
571 1895 687 1979 ipsas?
710 1915 789 1977 quor
810 1916 876 1959 unu
897 1896 1007 1961 uenit?

255 1999 309 2065 ubi
323 1998 431 2064 Goetz.
445 2017 515 2064 cum
527 1999 680 2064 Fleckeis.
698 1997 808 2063 scribit
824 1999 946 2079 ipsura
962 1998 1097 2065 Plautus
1109 2007 1215 2066 autem

171 2103 322 2181 fortasse,
356 2102 383 2165 si
406 2102 531 2166 omnino
553 2100 683 2166 verbum
706 2100 844 2166 scribere
867 2101 1036 2181 voluisset,
1066 2101 1217 2168 libentius
1242 2114 1247 2125 ’

170 2207 350 2287 scripsisset
371 2205 455 2269 ubist
475 2205 567 2285 ipsus
585 2204 667 2270 sicut
684 2202 817 2285 legimus
841 2202 933 2284 Epid.
952 2223 980 2268 u.
1000 2205 1042 2268 22
1064 2205 1120 2269 sed
1134 2205 1220 2270 ubist

169 2311 220 2388 is;
251 2309 344 2389 Epid.
367 2327 395 2371 v.
414 2305 457 2370 40
478 2307 547 2387 ipse
568 2306 660 2371 ubist.
704 2305 752 2371 Ne
775 2306 893 2370 multus
915 2307 984 2385 sim,
1007 2306 1217 2371 certissimum

172 2418 221 2477 est
243 2411 392 2475 Plautum
419 2409 474 2475 ubi
495 2411 585 2491 ipsus
614 2409 779 2490 scripsisse
801 2409 884 2472 sicut
905 2408 1002 2472 etiam
1024 2406 1091 2473 Mil.
1112 2410 1131 2473 9
1155 2407 1220 2475 Sed

169 2516 224 2581 ubi
251 2512 469 2596 Artotropus?
508 2510 629 2578 trustra
659 2513 713 2576 R.:
752 2502 883 2602 spuet}
917 2510 1094 2577 invenimus
1124 2513 1217 2578 Truc.

168 2638 197 2681 v.
217 2617 295 2683 588:
325 2616 405 2695 Dic,
436 2617 547 2681 amabo
580 2622 625 2694 te,
655 2615 740 2680 ubist
768 2612 992 2679 Dicaearchus?
1024 2631 1084 2679 non
1113 2615 1219 2680 -ebust

169 2719 264 2783 Mero.
288 2739 317 2783 v.
338 2720 398 2784 130
421 2719 508 2784 libri:
537 2719 591 2784 ubi
622 2717 785 2784 Charinus
806 2717 905 2782 eras?
934 2720 953 2797 (
959 2716 1001 2779 B:
1025 2720 1151 2803 seruus)
1180 2720 1217 2783 R.

170 2827 278 2885 autern
302 2825 403 2885 toturn
425 2841 552 2886 versum
575 2821 621 2887 sic
643 2820 801 2887 restitnit:

252 2922 386 3004 Aperite
408 2923 527 3005 aliquis
547 2923 601 2988 ubi
627 2921 790 2988 Oiurriaus
812 2943 885 2987 erus
907 2922 975 2987 est?
997 2923 1152 2988 doraioest
1173 2944 1218 2987 aa

167 3024 274 3108 foris?

253 3127 394 3193 Primum
411 3128 489 3193 mihi
505 3128 662 3210 displicet,
683 3127 768 3208 quod
783 3127 834 3192 hic
849 3126 1039 3192 haberemus
1054 3126 1217 3207 dominari,

169 3250 198 3297 u.
220 3231 280 3294 127
304 3237 410 3296 autem
434 3229 557 3295 domiue
579 3251 624 3294 on
649 3231 732 3312 foris
754 3230 859 3295 dicum
881 3250 947 3294 esse
969 3250 1072 3308 erum,
1102 3229 1218 3294 deiude

172 3352 236 3414 qua
259 3333 299 3398 de
315 3337 481 3411 causaest,
503 3333 592 3397 cuius
607 3331 734 3413 plenam
757 3332 889 3397 formam
910 3349 1020 3396 versus
1041 3330 1092 3396 hic
1108 3336 1217 3412 postu-

169 3435 268 3515 laret,
298 3436 451 3503 excidisse
473 3435 674 3500 statuamus?
719 3433 874 3510 Quoniam
896 3433 995 3515 igitur
1017 3432 1151 3499 Plautus
1172 3439 1219 3500 est

172 3556 234 3602 non
257 3538 394 3617 scripsit,
416 3536 493 3619 quid
514 3537 758 3618 vituperandum
780 3542 830 3602 est
850 3536 881 3600 in
902 3553 995 3600 versu
1017 3535 1062 3603 sic
1084 3537 1217 3602 tradito:

254 3638 388 3721 Aperite
417 3639 555 3721 uliquis:
587 3639 641 3704 ubi
667 3638 829 3705 Ultorem
857 3638 955 3704 aas?
988 3639 1144 3704 dorniuest
1172 3660 1217 3704 uu

169 3741 276 3823 foris?
321 3740 376 3806 Sin
398 3747 506 3805 autem
529 3746 576 3806 est
596 3742 796 3806 scribendum
820 3746 913 3822 esset,
936 3740 1038 3823 magis
1052 3747 1217 3822 exspecta-

170 3863 237 3909 rem
252 3843 306 3908 ubi
325 3840 502 3908 OEoriuust
519 3865 593 3908 erus
605 3845 775 3909 secundum
787 3843 873 3911 Pers.
885 3861 914 3906 v.
925 3843 986 3906 277
1010 3841 1070 3908 Ubi
1085 3842 1217 3908 Touilus

172 3952 218 4012 est
240 3952 314 4012 tuus
336 3966 419 4025 erue,
443 3945 497 4010 ubi
519 3946 621 4028 plenis
642 3946 758 4012 litteris
781 3950 828 4012 est
855 3963 874 4009 a
895 3943 986 4010 libris
1007 3962 1077 4010 cum
1101 3945 1129 4008 A
1150 3950 1216 4010 tra-

171 4049 273 4115 ditum
298 4056 357 4130 est,
379 4067 571 4130 quamquam
594 4067 705 4114 versus
725 4048 869 4131 postulat
894 4046 1047 4113 Toxilust.

993 4158 1010 4211 6
1031 4171 1033 4180 .
