2790 4988
587 281 799 347 „29-

167 451 223 517 ubi
234 457 382 533 repertus
393 457 441 517 est
450 452 548 518 Prisc.
560 453 642 534 Reg;
658 457 705 518 est
716 451 923 534 suprascript.
935 450 1019 515 Hall.
1033 451 1144 516 Babm.
1157 455 1218 530 m²;

168 553 344 620 omiserunt
366 554 473 620 ceteri.
518 553 582 619 sur
609 555 737 619 tandem
770 553 883 619 scribit
904 552 997 618 Ribb.
1021 553 1110 619 ab?
1154 557 1218 619 Aut

169 657 202 720 in
237 661 399 739 repertost
433 657 595 737 scriptura
624 663 674 722 est
703 655 985 738 acquiescendum,
1015 674 1089 720 nam
1110 660 1217 736 potest

169 777 239 824 esse
269 758 365 824 tertia
394 777 544 841 persona,
577 765 634 824 aut
657 764 705 826 est
724 777 795 823 cum
818 758 933 822 ceteris
953 756 1045 822 libris
1066 757 1214 823 omitten-

169 862 263 940 dum,
301 861 377 940 quia
405 866 518 942 postea
546 862 692 926 additum
718 862 845 927 videtur
873 860 969 925 etiarn
997 860 1028 923 in
1052 859 1132 925 aliis.
1176 861 1220 924 Et

170 964 197 1027 si
221 963 316 1027 debet
337 981 406 1028 esse
428 964 566 1029 secunda
588 982 741 1044 persona,
763 963 797 1027 id
819 973 906 1028 certo
928 981 966 1026 ex
988 963 1217 1027 sententiarum

169 1081 311 1130 connexu
342 1065 535 1147 apparebat3
573 1068 638 1132 -u's
666 1073 773 1131 autem
803 1064 942 1145 formae,
983 1082 1063 1146 quae
1095 1082 1219 1146 semper

170 1167 274 1249 prima
297 1168 462 1249 arripitur,
484 1169 536 1234 hic
557 1168 679 1233 nullum
702 1174 806 1233 exstat
829 1167 1007 1248 vestigium.

256 1270 446 1351 Priusquam
485 1273 526 1335 ad
561 1271 728 1336 enuntiata
765 1269 973 1335 subordinate
1003 1269 1220 1350 procedamus,

170 1377 272 1438 restat
300 1379 338 1439 ut
360 1375 400 1439 de
421 1373 461 1438 iis
482 1373 560 1439 locis
582 1390 732 1454 agamus,
762 1372 817 1453 qui
839 1370 1098 1436 exclamationem
1121 1389 1221 1451 quan·

171 1477 246 1540 dam
268 1475 431 1554 redolent,
461 1477 516 1555 qui
537 1475 615 1540 item
638 1493 747 1539 omnes
769 1479 950 1554 mumutur,
973 1472 1118 1554 quamvis
1140 1472 1220 1537 certi

171 1579 236 1644 sint
260 1586 293 1645 et
315 1597 413 1660 supra
435 1596 558 1643 omnem
583 1577 814 1642 dubitationem
837 1575 930 1640 elati:

258 1681 351 1745 Most.
367 1698 396 1744 u.
411 1680 490 1745 817:
511 1667 582 1764 Ape
595 1684 714 1761 speetu,
731 1684 840 1761 postes
854 1679 1063 1760 quoiosmodc',
1090 1678 1222 1758 Quanto

170 1785 322 1866 firmitate
335 1785 418 1866 faeti
433 1788 463 1848 et
477 1788 603 1865 quanto
617 1783 839 1858 crassitudine,
860 1780 915 1846 ubi
930 1797 1030 1858 nemo,
1052 1779 1222 1846 offenditur

172 1891 249 1951 suut
263 1885 351 1951 verbi
367 1886 544 1966 omissione,
567 1904 667 1967 neque
683 1885 784 1965 magis
800 1873 895 1949 debet
909 1884 1076 1964 quisquam
1092 1881 1221 1946 offendi:

259 1987 344 2052 Trin.
368 2006 397 2052 v.
420 1987 483 2055 536
507 2009 548 2053 eu
566 2009 654 2053 nuuc
674 1989 734 2066 bic,
757 1987 871 2070 quoius
895 1991 949 2065 est,
979 1985 1022 2052 Ut
1041 1986 1086 2050 od
1104 1986 1224 2057 tacitos

151 2091 344 2156 'reductusl
380 2090 431 2174 (R.
454 2092 503 2157 ed.
525 2111 573 2172 pr.
595 2093 747 2169 tecitost;
778 2091 826 2155 ed.
849 2107 910 2155 sec.
932 2090 1117 2154 reductust:
1146 2106 1223 2152 neu-

174 2202 259 2259 trum
281 2193 393 2278 recte),

260 2295 353 2361 Poen.
376 2316 405 2362 v.
431 2297 491 2363 139
521 2296 585 2362 Pol
613 2317 668 2380 epo
697 2298 800 2362 amico
830 2296 905 2360 dede·
934 2295 1063 2360 cuidam
1086 2313 1223 2375 opernm,

177 2400 252 2463 dum
273 2400 348 2462 emit
368 2403 512 2483 nequent
535 2449 542 2462 .
565 2419 590 2463 z:
619 2397 662 2464 Ut
683 2401 744 2464 cito

261 2501 354 2565 Haec
376 2501 587 2566 commentust
629 2501 761 2584 Ecquid
782 2506 811 2565 te
827 2500 954 2582 pudet?

261 2603 316 2668 ubi
339 2603 490 2685 Geppert.
513 2605 639 2684 quidem
663 2604 775 2670 scribit
798 2606 1021 2680 commentost;
1049 2606 1095 2665 est
1116 2604 1223 2665 autem

165 2704 309 2787 'prorsus
329 2722 597 2784 supervacaneum
627 2711 679 2771 est
708 2712 741 2771 et
762 2724 915 2788 quaerere
945 2703 1095 2768 debemus
1117 2707 1225 2766 utrum

179 2811 225 2871 est
246 2826 287 2871 an
309 2827 342 2870 es
362 2806 493 2871 verbnm
516 2809 708 2889 cogitatione
737 2808 948 2890 supplendum
976 2805 1027 2870 sit.
1071 2804 1226 2883 Equidem

178 2914 310 2990 propter
329 2910 505 2994 ¹sequentia
527 2909 625 2974 verba
653 2917 687 2976 et
709 2910 773 2975 alia
795 2909 913 2974 similia
934 2908 1079 2987 exempla
1100 2905 1227 2986 supple·

177 3012 277 3077 verim
300 3011 471 3076 secundam
493 3029 676 3093 personam3
706 3013 816 3093 utique
847 3017 896 3077 est
924 3011 1123 3077 enuntiatum
1155 3027 1227 3087 per-

179 3114 324 3196 spicuum
347 3112 448 3178 cuivis
469 3113 624 3179 audienti.
667 3112 733 3176 Nos
755 3113 907 3178 debemus
937 3113 989 3177 hic
1011 3129 1135 3194 quoque
1156 3128 1227 3174 sen·

179 3218 240 3282 tire
261 3216 385 3294 Latine,
408 3234 468 3280 non
492 3215 583 3279 anxie
606 3214 747 3295 cogitare
769 3233 807 3278 ea
829 3217 969 3295 ratione,
1001 3233 1095 3297 quam
1119 3217 1228 3275 nostra

180 3318 289 3399 lingua
311 3318 401 3384 uobis
423 3317 566 3400 'praebet
609 3316 671 3381 Illa
686 3315 812 3393 similia,
835 3318 875 3381 de
896 3318 1010 3398 quibus
1025 3315 1101 3393 dixi,
1123 3333 1228 3379 exem-

180 3419 234 3499 pla
256 3426 346 3486 sunt:
1133 3441 1135 3444 ·

266 3520 333 3586 Mil.
356 3542 385 3587 v.
409 3524 490 3588 1227
520 3521 563 3589 Ut
584 3527 619 3588 tu
639 3521 784 3586 inclutus
806 3521 897 3602 opud
917 3520 1084 3585 mulieres!

267 3625 322 3704 qui
351 3643 462 3689 versus
492 3625 668 3690 rectissime
699 3623 839 3688 traditur
861 3628 894 3686 et
923 3621 1020 3686 etiam
1042 3623 1158 3687 certior
1181 3630 1230 3685 est

182 3731 314 3806 propter
336 3727 525 3792 antecedens
547 3745 727 3807 pronomen.
771 3725 815 3789 Et
836 3724 910 3791 vide
931 3741 1025 3805 porro

267 3828 351 3892 Men.
373 3846 401 3891 v.
424 3827 487 3893 815
519 3827 593 3892 lom
622 3850 711 3908 uero,
741 3827 950 3894 Menaechme
977 3825 1058 3889 sotis
1088 3825 1230 3906 locotus:

182 3951 270 3996 nune
298 3931 382 3996 boue
411 3951 478 3994 rem
498 3952 579 4014 pere.
630 3930 685 3995 ubi
714 3931 774 3995 viri
804 3929 892 3996 docti
925 3932 1050 3992 mutant
1082 3925 1114 3989 in
1144 3928 1230 4005 -tub,

183 4051 375 4115 quamquam
413 4033 530 4098 debent
568 4031 723 4096 intactum
762 4033 940 4115 relinquere
977 4029 1064 4094 Asin.
1101 4047 1130 4094 v.
1167 4025 1229 4091 648
