2790 4988
582 315 624 324 -
664 278 728 343 ‘101
773 315 816 325 —

174 448 250 512 dum
271 447 379 512 urbem
401 448 539 512 daturus
561 455 622 527 est,
644 470 754 514 uereor
783 453 828 528 ut,
852 447 905 511 ubi
928 448 1060 512 additur
1082 453 1130 512 est
1150 450 1223 528 post

176 555 347 627 uenturus,
378 547 473 628 fals0;
507 568 578 613 nam
602 558 675 632 post
696 553 726 617 sl
747 553 859 616 deesse
881 568 973 630 posse
996 549 1125 614 verbnm
1148 548 1223 614 sub·

173 652 348 717 stantiaum
372 651 539 732 permultis
564 653 853 718 demonstravimus
877 651 1037 731 exemplis,
1057 652 1132 714 item
1153 671 1223 714 sunu

173 756 248 819 estis
275 775 308 818 es
342 772 438 835 saepe
470 755 580 819 deesse
614 753 645 817 in
678 755 822 819 versibus
851 753 1009 818 Plautinis
1042 758 1075 815 et
1106 753 1222 816 Teren-

174 856 269 920 tianis
290 855 376 936 apud
393 855 595 935 participium
619 855 729 935 futuri,
753 862 786 921 et
807 857 892 936 apud
909 855 1091 921 Ciceronem
1116 855 1220 933 ipsum

174 957 351 1022 invenimus
367 958 408 1024 ad
425 958 492 1022 Att.
508 957 597 1037 VIII,
619 959 649 1036 2,
671 959 693 1022 4
715 980 778 1042 epo,
801 960 830 1023 si
853 959 891 1022 de
908 978 992 1039 puae
1014 961 1127 1040 upetur
1144 976 1222 1036 pro-

171 1061 326 1141 fecturus,
348 1060 430 1124 side
446 1060 523 1124 bello
544 1061 652 1125 uidero
675 1061 745 1141 vn,
769 1061 798 1137 6,
820 1060 840 1124 2
864 1061 958 1138 dlees,
979 1060 1059 1141 quid
1074 1064 1109 1123 tu
1122 1059 1222 1150 lpItur

172 1182 326 1226 sensurus
348 1162 406 1225 es?
437 1182 503 1226 uou
535 1163 620 1240 idem
650 1163 735 1244 quod
763 1163 917 1228 dicturus.
961 1161 1004 1226 Et
1025 1161 1121 1224 liceat
1142 1159 1220 1223 mihi

173 1263 224 1327 hie
254 1281 500 1328 commemorare
529 1263 587 1326 hos
610 1264 769 1343 Propertii
790 1265 892 1329 locos:
925 1264 1018 1344 Prop.
1041 1263 1080 1340 ΙΙ,
1107 1261 1155 1337 15,
1178 1261 1220 1324 23

172 1366 248 1429 dum
269 1386 327 1429 uos
353 1367 576 1446 saltauerunt,
610 1367 716 1430 oeulos
744 1369 901 1431 satiamus
923 1385 1049 1430 umore:
1079 1385 1144 1428 uox
1166 1363 1222 1427 otta·

172 1467 269 1550 loupu
289 1468 378 1531 ueult
397 1488 455 1532 uec
476 1469 625 1532 redituro
639 1469 708 1533 dies
730 1469 767 1548 V,
790 1469 840 1546 27,
865 1469 899 1531 11
927 1469 1013 1533 solus
1035 1486 1149 1529 amous
1163 1485 1220 1529 uo-

171 1570 217 1633 vt'l
238 1571 367 1650 quaudo
393 1571 564 1652 periturus
586 1576 617 1636 et
637 1592 659 1635 u
682 1591 747 1652 qua
767 1575 866 1636 morte
896 1591 998 1652 usque
1030 1568 1081 1633 lu'e
1110 1568 1221 1632 boreae

170 1671 277 1749 slubru
297 1693 355 1737 ueo
375 1693 469 1737 armo
491 1674 578 1738 limet

257 1774 364 1839 Pauca
386 1782 510 1839 restant
532 1775 676 1854 exempla
698 1775 863 1839 Plautina:

260 1876 325 1940 Mil.
342 1896 370 1941 v.
387 1875 450 1942 965
475 1878 543 1958 Quo
561 1882 660 1958 paeto
677 1879 765 1958 potis
781 1876 898 1958 Nupta
919 1880 950 1940 et
964 1876 1063 1939 vidua
1079 1896 1145 1939 esse
1167 1895 1220 1938 eu-

171 1980 265 2044 dem?
288 1999 309 2042 ::
329 1979 415 2060 Quia
430 1980 618 2044 adulescens
630 1984 736 2060 urrptu
753 2000 823 2044 eum
837 1999 911 2042 seue
927 1978 952 2042 (l
967 1977 1065 2042 habet
1077 1978 1220 2057 uuptnsl.

171 2083 283 2161 Itaque
311 2077 447 2146 fortasse
468 2087 605 2163 nuptast
635 2081 834 2146 scribendum
859 2086 927 2159 est,
955 2097 1057 2159 nequo
1079 2097 1153 2143 vero
1175 2080 1220 2142 ita

171 2189 293 2248 eertum
316 2190 383 2261 est;
407 2202 479 2247 nam
500 2182 539 2249 cf.
556 2184 601 2264 (p.
616 2184 672 2260 41)
696 2182 840 2264 exempla
862 2203 895 2246 es
917 2181 1023 2246 omissi
1039 2187 1112 2261 post
1134 2182 1220 2262 qula.

257 2286 338 2349 Rud.
353 2305 382 2350 v.
398 2285 462 2350 422
482 2287 534 2350 luel
556 2306 671 2366 eorpus
694 2287 807 2367 quoius
828 2285 914 2348 ruodl
930 2282 1220 2349 Subuolturu'um-

171 2387 255 2452 illud
268 2389 410 2469 *quidem
439 2389 642 2470 subaquilum
670 2387 757 2452 volui
791 2387 915 2451 dicere:
948 2385 1000 2451 hio
1028 2385 1140 2450 inutile
1171 2388 1221 2448 est

172 2488 309 2554 scribere
331 2527 373 2536 —
397 2492 562 2568 lutumst,
594 2509 665 2553 narn
695 2507 755 2552 non
784 2489 879 2569 plena
901 2488 1060 2553 sententia
1082 2506 1219 2568 pronun·

173 2590 282 2670 riatur,
305 2593 359 2656 sed
383 2592 598 2673 abrumpitur,
627 2611 722 2673 quam
745 2590 785 2655 ob
808 2608 935 2655 causam
959 2609 997 2654 ue
1020 2589 1127 2653 hiatus
1150 2588 1218 2669 qui-

173 2691 244 2752 dem
268 2689 416 2756 hocloco
439 2712 628 2774 quemquam
652 2694 811 2759 offendere
833 2693 936 2759 debet.

259 2791 350 2855 Most.
381 2812 408 2856 v.
445 2797 505 2861 159
538 2801 666 2861 uentus
695 2796 788 2860 rebus
820 2795 963 2859 omuibus
1000 2795 1086 2860 uelut
1122 2794 1221 2858 toruo

171 2895 280 2958 messis
309 2902 459 2978 mapuast
487 2917 548 2961 non
582 2897 683 2977 magis
712 2897 846 2962 alterum
879 2902 926 2961 est
956 2897 1138 2960 addendum
1161 2902 1220 2976 est,

172 3014 265 3076 quarn
290 2996 371 3061 Men.
396 3015 423 3061 v,
447 2997 509 3061 398
543 2999 645 3079 Quasi
673 3000 839 3080 suppellex
854 2999 1006 3080 pelllour's
1023 2999 1124 3080 palus
1140 2999 1221 3079 pulo

166 3104 362 3178 proxumust

257 3199 385 3264 Minime
407 3220 481 3265 vero
504 3206 551 3265 est
572 3201 773 3266 desideratur
796 3202 863 3267 Mil.
887 3223 915 3267 v.
938 3203 1016 3268 253:
1049 3208 1219 3284 quantum·

171 3303 218 3365 uis
235 3303 457 3383 prolutlouum
849 3367 856 3380 ,

257 3404 348 3485 Epid.
372 3426 399 3470 v.
423 3406 464 3468 32
486 3404 575 3470 libri:
608 3406 690 3470 Tum
710 3407 765 3471 ute
788 3413 971 3491 propuutus
995 3407 1102 3487 Duil,
1133 3404 1219 3485 Siue,

165 3507 308 3586 perdat:
330 3507 375 3570 sio
399 3514 483 3572 recte
505 3508 651 3572 distinxit
672 3508 804 3589 Ussing;
828 3509 937 3574 Goetz.
960 3507 1056 3574 falso:
1088 3515 1221 3593 puulust

174 3607 273 3672 Theti
305 3606 392 3674 Siue.
431 3608 479 3672 De
509 3609 564 3674 illo
592 3615 653 3687 est,
684 3609 766 3689 quod
799 3611 831 3673 in
862 3611 1021 3693 responsis
1042 3611 1118 3676 olim
1140 3613 1219 3676 addi

172 3708 303 3788 solebat,
326 3711 388 3774 iam
412 3710 442 3774 in
460 3711 619 3792 prooemio
635 3712 781 3776 diximus.
815 3713 857 3776 Et
873 3713 998 3794 integra
1012 3714 1219 3795 relinquenda

171 3815 221 3873 est
242 3801 537 3891 formula'tuutum
561 3815 646 3896 quod
666 3815 765 3879 selum
790 3814 883 3879 Mero.
903 3833 929 3878 v.
946 3814 1009 3878 642
1032 3815 1121 3879 Num
1143 3817 1222 3896 quid

170 3917 218 3976 est
247 3914 331 3994 quod
358 3915 451 3997 ,dicus
481 3917 574 3980 uliud
603 3918 641 3981 de
669 3916 749 3981 illo?
771 3936 795 3980 ::
822 3916 977 3995 Tuutum,
1009 3919 1094 4000 quod
1120 3919 1220 3982 selum

169 4012 189 4076 i.
213 4032 240 4078 e.
263 4021 387 4079 tantum
419 4018 574 4097 estquod
597 4019 637 4081 de
663 4018 717 4082 illo
740 4017 862 4100 dicam,
894 4022 978 4097 quod
1010 4040 1067 4102 ego
1091 4020 1217 4102 quidem
