2768 4710
537 304 839 394 -95-'

119 504 315 580 nuptorum
346 499 414 565 Tib.
444 502 469 580 1,
492 500 563 579 3‚5
594 499 770 577 abstineas,
800 518 884 562 mors
912 503 1002 576 atra,
1029 516 1165 579 precor:

119 621 184 664 nou
205 600 257 666 bio
277 602 355 666 mibi
375 606 477 667 mater
498 622 564 667 aaa
585 622 675 666 soror
696 638 736 646 -
758 620 825 665 aon
846 598 944 664 Delia
965 620 1101 682 usquam

205 705 294 782 Quae
315 722 386 768 cum
408 705 454 768 ita
476 705 540 768 sint
563 709 648 769 reete
668 703 758 769 nobis
781 703 935 767 traditum
957 721 1027 768 esse
1048 707 1164 784 putan-

119 805 195 869 dum
217 810 267 870 est

204 909 298 973 Most.
320 927 349 972 v,
373 908 435 972 933
456 908 522 972 Hie
545 908 671 991 quidem
691 928 794 989 aeque
817 907 1020 972 conaturum
1041 909 1165 972 sonitus

118 1011 193 1074 itan
215 1016 253 1075 at
273 1011 408 1075 3313333
428 1008 519 1092 fuit?

178 1115 241 1178 1R.
264 1112 385 1179 frustra
406 1115 560 1192 subibam
588 1131 690 1195 neque
720 1113 888 1195 quisquam
917 1113 1054 1176 mutavit
1082 1112 1164 1177 Rud.

120 1234 149 1280 v.
175 1215 257 1280 1413
280 1215 374 1281 Nihil
395 1216 497 1281 herde
518 1215 570 1280 bio
592 1216 664 1295 tibi,
685 1235 726 1280 ae
749 1220 784 1281 tu
804 1236 912 1297 speres
918 1236 930 1294 ;
962 1214 1026 1280 Mil.
1042 1221 1077 1279 ‘u
1100 1215 1163 1279 378

124 1315 216 1382 Certo
237 1340 339 1402 aeque
362 1319 516 1384 solarium
541 1317 632 1400 apud
660 1337 842 1400 nonaeque
871 1318 981 1383 butus
1002 1317 1089 1383 allus
1121 1317 1166 1381 Et
1274 1321 1276 1324 ’

120 1418 214 1484 Poen.
246 1421 306 1486 757
340 1421 481 1486 Taurum
512 1421 603 1503 opud
633 1441 682 1485 me
710 1441 801 1486 asmo
831 1441 888 1486 aee
918 1420 1090 1502 quiequam
1118 1420 1166 1483 tui

119 1526 206 1587 reete
234 1523 383 1588 videntur
403 1524 459 1588 DP
491 1528 538 1588 est
568 1523 727 1604 omisisse;
761 1522 873 1588 melius
907 1527 1014 1587 autem
1037 1521 1164 1586 videtur

120 1641 189 1688 esse
220 1642 291 1690 oum
312 1627 342 1689 A
364 1631 409 1690 est
431 1626 550 1691 addere
577 1625 642 1691 Mil.
666 1645 694 1690 v.
717 1627 779 1691 398
809 1646 896 1691 auae
923 1625 1049 1708 quidem
1083 1625 1166 1689 dom

121 1730 212 1805 certo,
234 1729 310 1809 quia
330 1747 434 1793 sermo
456 1729 508 1793 hie
530 1729 598 1793 sine
620 1727 762 1794 subiecto
785 1733 835 1793 est
856 1727 1019 1793 obscurus,

205 1827 296 1911 Capt.
313 1850 340 1895 v.
356 1833 419 1896 336
444 1831 523 1896 Tum
545 1830 601 1896 boe
624 1832 749 1913 quidem
772 1831 828 1896 tibi
846 1831 884 1895 ia
900 1830 1046 1912 proclivi,
1070 1850 1167 1911 quara

118 1929 216 1994 imber
230 1937 284 2012 est,
307 1935 436 2014 quondo
452 1935 543 2016 pluit
561 1953 622 1998 non
646 1951 716 1998 oum
730 1934 777 1998 Fl.
800 1934 1001 2000 scribendum
1023 1937 1072 1997 est
1088 1952 1167 2014 pro-

121 2032 224 2099 bliaut

182 2138 360 2228 ¹Quoniam
390 2139 528 2204 vidimus
559 2138 669 2204 Afran
703 2137 741 2203 fr.
775 2139 814 2204 15
848 2138 927 2220 Quis
960 2143 1026 2202 tom
1055 2137 1167 2221 auquel

119 2242 214 2319 atque
243 2240 372 2322 inuenio
402 2243 498 2306 uaioo
523 2247 610 2307 reete
644 2260 715 2307 cum
736 2241 782 2305 B'
808 2240 976 2306 scribimus
1004 2239 1069 2304 Mil.
1102 2240 1166 2305 464

118 2340 232 2423 Neque
262 2363 355 2425 eques
385 2365 487 2426 aeque
512 2346 613 2426 pedes
630 2344 776 2426 profecto
799 2344 968 2425 quisquam
990 2348 1083 2407 tanta
1105 2365 1165 2408 aa·

120 2444 233 2524 dosia·
254 2445 300 2510 B¹
321 2446 491 2528 profectos,
514 2446 539 2512 Ο
558 2445 731 2529 profectus,
753 2447 789 2510 R.
812 2444 996 2527 profectost.

204 2548 248 2613 Et
278 2536 402 2630 integer
435 2556 484 2616 est
514 2550 579 2616 Mil.
610 2570 638 2615 v.
670 2550 753 2614 1113
781 2548 870 2614 Nam
901 2569 970 2614 eum
1000 2549 1059 2614 illu
1087 2570 1166 2615 sane

121 2668 279 2733 confisus
300 2673 400 2717 sermo
425 2652 489 2732 aba,
512 2655 596 2719 sieut
618 2654 660 2718 ad
680 2651 752 2717 lam.
775 2652 814 2732 X,
838 2653 888 2731 12,
911 2652 931 2716 3
953 2672 1071 2735 mayaa
1089 2652 1167 2718 mibi

122 2755 278 2818 eoabatio
310 2775 380 2819 oum
412 2752 547 2821 Seruilio
568 2755 678 2838 Neque
708 2756 799 2820 Truc.
823 2775 851 2820 v.
876 2755 938 2820 189
966 2753 1022 2819 ubi
1042 2754 1072 2818 A
1094 2772 1165 2819 cum

119 2854 186 2920 rell.
209 2856 342 2938 praebet
369 2857 448 2924 Ula-t
468 2860 543 2924 3333
558 2858 614 2923 tibi
636 2859 762 2940 quidem
783 2859 872 2922 tatus
894 2857 997 2921 ausim
1022 2855 1166 2922 scribere

119 2958 229 3024 datast.
272 2958 354 3025 Nem
377 2961 482 3024 omnia
503 2966 579 3026 sunt
601 2961 772 3042 perspicua
801 2960 896 3025 etiam
919 2960 986 3025 sine
1008 2958 1104 3024 verbo
1127 2979 1165 3025 ex
1285 3001 1286 3005 =

120 3062 318 3126 antecedenti
332 3062 595 3143 interrogatione:
618 3063 721 3128 Estne
731 3064 820 3128 latus
832 3083 919 3128 auae
932 3061 1166 3127 Phronesium?

119 3182 192 3227 nam
215 3164 247 3228 in
269 3165 431 3247 responsis
452 3165 587 3230 Plautus
609 3185 670 3230 non
693 3170 838 3247 repetere
860 3164 982 3231 solebat
1001 3170 1058 3230 est.

205 3265 300 3332 Poen.
324 3287 352 3332 v.
375 3268 439 3332 340
466 3267 599 3334 Bellula
628 3269 730 3334 baele
759 3287 784 3334 :t
817 3266 842 3332 I
860 3269 995 3333 diereote
1014 3304 1056 3316 -
1077 3268 1165 3334 haud

121 3368 271 3434 debemus
294 3369 432 3435 scribere
454 3371 586 3437 herclest
617 3389 719 3453 neque
748 3372 831 3436 enim
851 3370 961 3437 hiatus
988 3390 1047 3436 nos
1068 3370 1164 3437 offen-

121 3471 168 3533 dit
190 3476 222 3535 et
243 3471 307 3535 iam
328 3472 497 3538 habuimus
519 3479 561 3557 (p.
584 3475 640 3552 93)
666 3495 748 3556 puer
770 3474 895 3556 quidem
916 3473 1026 3539 beatus
1047 3479 1080 3539 et
1101 3473 1164 3539 (lio.

120 3572 163 3636 ad
190 3575 366 3656 attrivi,
390 3576 456 3656 13²,
489 3579 509 3642 2
539 3577 702 3662 lonqubua
730 3597 810 3642 suae
837 3577 899 3641 iter
928 3580 958 3640 et
985 3578 1039 3640 via
1068 3575 1164 3656 mab,

119 3679 154 3740 et
174 3677 310 3741 maxime
332 3677 540 3745 conferendus
562 3685 611 3745 est
632 3679 697 3744 Mil.
721 3700 748 3743 v.
772 3679 853 3744 394:
876 3679 932 3745 Eu
945 3679 1048 3744 berete
1065 3700 1163 3760 prae-

120 3799 193 3844 sens
215 3781 388 3846 somatum:
411 3782 464 3846 abl
484 3784 570 3848 latro
593 3787 623 3847 et
645 3802 837 3864 ompreoare
858 3781 914 3848 ubi
934 3800 1036 3864 neque
1056 3780 1164 3847 hiatus

121 3881 253 3948 offendit
281 3903 386 3966 neque
412 3883 536 3966 syllaba
557 3902 689 3967 arcem,
714 3891 747 3951 et
768 3904 863 3966 quam
885 3905 947 3950 non
969 3885 1013 3950 sit
1034 3902 1163 3949 accusa·
1240 3883 1242 3887 ’

120 3985 206 4050 tirus
228 3985 465 4066 exclamativuS,
488 3986 560 4052 ride
581 4006 611 4068 p.
635 3984 684 4051 75.

208 4091 318 4172 Neque
339 4089 434 4156 Poen.
456 4090 495 4170 V,
515 4090 547 4170 2,
577 4089 638 4153 138
668 4089 734 4155 Hir
765 4090 815 4156 illl
842 4090 961 4159 mauu
990 4111 1057 4156 rem
1086 4090 1164 4158 dare
