2790 4988
730 311 920 375 -4..

300 478 454 560 syllabam
490 479 694 543 librariorum
731 480 854 544 incuria
885 486 935 545 tot
965 481 1042 546 locis
1072 481 1179 545 omitti
1208 481 1362 562 potuisse

300 582 368 646 veri
397 601 531 663 prorsus
563 583 718 647 dissimile
747 587 802 646 est.
847 583 971 647 Deinde
993 589 1100 649 autem
1122 603 1173 648 me
1194 604 1257 648 non
1280 603 1360 665 per-

295 685 424 764 spicere
460 704 555 765 posse
590 684 708 765 fateor,
749 703 813 766 qua
843 686 971 750 tandem
1007 688 1131 750 ratione
1170 687 1363 767 collegerint

300 786 439 851 editores
461 786 613 851 Plautum
643 786 790 851 omnibus
811 787 851 851 iis
881 786 976 866 locis,
1006 789 1062 852 ubi
1084 789 1147 869 ipsi
1169 790 1361 855 desiderant

300 887 432 953 verbum
466 889 716 969 substantivum,
753 891 900 970 posuisse
930 890 963 953 id
994 898 1068 971 post
1100 891 1288 955 vocabulum
1327 893 1360 957 in

300 1011 355 1055 -us
376 993 566 1072 terminans,
597 993 616 1057 i.
640 1011 665 1056 e.
698 991 753 1056 uhi
775 993 837 1056 viri
858 993 944 1056 docti
974 991 1123 1057 facillime
1145 999 1260 1074 poetae
1282 997 1360 1059 red·

302 1094 378 1158 dere
399 1101 549 1175 possunt,
578 1096 664 1176 quod
687 1095 832 1160 amisisse
859 1114 931 1160 eum
953 1100 1085 1176 putant,
1108 1097 1264 1177 adquam
1286 1116 1360 1162 rem

302 1193 387 1258 inira
409 1197 592 1261 redibimus

383 1298 568 1364 Videmus
560 1299 620 1381 rgit
621 1319 659 1363 ur
681 1300 902 1380 gravissimam
926 1317 1158 1382 causamque
1181 1302 1241 1365 viri
1263 1303 1358 1368 docti

299 1418 451 1466 excusare
467 1401 528 1465 sibi
545 1402 734 1466 videbantur
749 1403 861 1466 mutat'
853 1408 1004 1466 ronemto
972 1402 1192 1483 totlocorum,
1217 1406 1288 1468 ad
1280 1407 1360 1470 rrri·

300 1507 369 1567 tum
392 1503 513 1568 cadere
551 1506 658 1586 Atque
675 1509 749 1567 caut
749 1505 800 1567 ius
819 1505 884 1585 egit
901 1523 941 1567 an
942 1510 974 1568 te
942 1504 1047 1568 tRit
1048 1506 1201 1570 scholium
1216 1506 1280 1570 Bot
1266 1507 1359 1574 thius

301 1605 333 1668 in
364 1603 481 1669 fabulis
503 1605 612 1670 Plauti
635 1607 764 1670 edendis
787 1613 883 1687 atque
910 1606 1120 1672 Hermannus.
1164 1607 1275 1689 Neque
1308 1616 1359 1675 ta·

301 1714 435 1773 cuerunt
450 1709 626 1772 adversarii
641 1715 715 1789 post
733 1707 858 1773 fabulas
879 1728 899 1772 a
916 1708 1091 1772 Ritschelio
1108 1710 1219 1774 editas
1252 1711 1358 1794 Berg-

300 1810 373 1875 lrius
406 1810 529 1875 monuit
550 1810 716 1890 (Zeitschr
750 1809 804 1875 fiir
834 1812 863 1874 d.
887 1811 943 1874 Alt
929 1812 1245 1877 tertumswissensch
1271 1814 1360 1880 1850

301 1918 335 1977 et
352 1912 409 1997 51)
431 1913 463 1976 in
485 1911 631 1977 formulis
657 1913 746 1978 velut
767 1914 953 1977 blateratus
976 1935 1084 1978 ιιιιε
1106 1915 1174 1979 et
1165 1935 1197 1979 m
1221 1934 1358 1997 respon·
1394 1959 1395 1976 ι

301 2016 345 2080 sis
376 2016 506 2081 verbum
539 2015 773 2080 substantivum
807 2016 886 2078 omit
872 2016 913 2079 tti
945 2033 1046 2096 posse
1100 2016 1159 2081 Cui
1186 2017 1358 2084 oblocutus
1394 2100 1395 2107 ἵ

302 2122 351 2183 est
380 2114 575 2182 Ritschelius
606 2116 702 2198 (Mus.
734 2115 833 2180 Rhen.
865 2116 927 2181 VII
956 2137 1008 2199 pg.
1037 2118 1115 2199 599)
1155 2126 1187 2183 et
1173 2120 1359 2187 tBrixius

300 2218 502 2297 (Hirschfeld.
526 2219 636 2300 Proga
661 2219 766 2299 1854),
799 2220 854 2300 qui
884 2225 990 2285 tamen
1021 2220 1084 2284 iam
1114 2222 1240 2285 cautius
1271 2222 1358 2288 iudi-

302 2324 386 2388 cavit
416 2327 449 2387 et
480 2322 597 2387 statuit
627 2323 659 2386 in
688 2321 851 2401 responsis
883 2323 923 2387 de
957 2343 1045 2388 more
1076 2324 1181 2387 omitti
1213 2324 1358 2392 verbum.

301 2425 437 2507 Atque
428 2443 498 2505 lpse
520 2423 723 2502 Ritschelius,
753 2442 824 2488 cum
847 2425 1115 2488 Trinummumt
1088 2428 1205 2490 rterum
1236 2427 1359 2509 ederet,

300 2527 360 2592 hoc
391 2526 547 2591 concessit
577 2527 640 2605 it,a
672 2532 709 2590 ut
695 2527 817 2590 tadeo
849 2532 922 2591 cont
923 2545 960 2589 ra
908 2525 1164 2590 tlibrost
1116 2532 1164 2591 est
1191 2528 1360 2594 omitteret

303 2630 388 2693 Trin
411 2648 439 2693 ι
465 2630 565 2693 1176;
590 2627 669 2708 Quis
691 2628 816 2692 homor
803 2633 904 2692 ιιιιι
891 2628 1081 2692 ιιιιιιιιιιεο
1103 2631 1211 2693 souitu
1231 2650 1280 2693 me
1304 2653 1359 2696 ece-

304 2732 379 2797 cc'oit
398 2731 512 2812 fores?
545 2731 743 2794 Benevolens
688 2735 842 2794 ιιειιιε
864 2734 960 2812 atque
982 2732 1123 2795 arnicas:
1144 2732 1359 2800 Bomtcus÷

304 2833 358 2898 OD
382 2834 557 2897 matcomst.
601 2833 709 2913 Atque
731 2833 765 2896 id
787 2833 916 2914 quidem
939 2835 1245 2897 concedendumt
1196 2839 1310 2897 est-
1267 2835 1360 2900 -si

303 2937 429 3002 omnino
451 2935 512 2999 viri
542 2935 631 2998 docti
659 2934 749 2998 libris
780 2955 841 2998 non
873 2936 952 2999 satis
976 2934 1139 3000 confidunt
1160 2972 1201 2979 -
1224 2935 1359 3001 verbum

304 3039 538 3104 substantivum
558 3056 620 3101 non
635 3037 739 3100 minus
762 3035 855 3100 facile
871 3039 947 3101 addi
962 3039 1107 3117 potuisse
1128 3056 1224 3119 quam
1239 3039 1357 3104 omitti.

303 3142 422 3206 Verum
444 3140 500 3221 qui
521 3138 617 3203 hodie
639 3139 738 3202 edunt
760 3139 867 3203 Plauti
889 3138 1014 3203 fabulas
1037 3140 1098 3203 viri
1121 3138 1208 3202 docti
1229 3143 1360 3203 mutant

304 3244 440 3308 totidem
470 3246 549 3322 quot
580 3246 675 3304 antea
705 3243 821 3305 mutati
855 3246 931 3306 sunt
959 3240 1045 3305 locos
1074 3259 1176 3322 neque
1207 3239 1361 3306 dubitant

304 3349 344 3411 de
365 3343 531 3410 Ritschelii
562 3343 632 3424 lege
664 3363 791 3423 severa,
825 3347 979 3425 quaeest
1001 3342 1137 3406 obnoxia
1163 3341 1360 3408 dubitationi

302 3447 520 3530 gravissimae.
553 3446 660 3526 Atque
672 3446 885 3527 Kiesslingius
898 3448 1090 3526 praeceptor
1102 3462 1191 3508 meus
1207 3445 1359 3510 doctissi-

304 3569 375 3615 mus
393 3554 489 3630 atque
510 3546 825 3612 benevolentissimus
843 3567 894 3612 me
915 3551 953 3610 ut
975 3547 1007 3609 in
1029 3544 1111 3609 hanc
1126 3565 1192 3610 rem
1215 3546 1359 3627 inquire·

286 3667 371 3717 ‘rem
402 3651 600 3729 accuratius,
631 3650 822 3714 adhortatus
852 3654 918 3728 est,
952 3653 984 3712 et
1013 3649 1160 3730 quoniam
1190 3648 1287 3712 cardo
1310 3651 1361 3716 rei

304 3757 452 3820 versatur
481 3753 514 3816 in
536 3754 739 3835 quaestione,
769 3757 879 3815 utrum
901 3751 1011 3832 lingua
1031 3751 1149 3815 Latina
1171 3755 1204 3814 et
1224 3751 1361 3830 potissi·

304 3924 331 3973 p.
352 3911 415 3957 10‘13
434 3905 474 3969 Ρ.)
492 3908 616 3955 invenisse
634 3908 682 3954 sibi
702 3906 851 3965 videbatur,
869 3905 923 3965 ipse
941 3921 990 3952 non
1009 3921 1054 3966 pro
1073 3910 1140 3953 certo
1161 3905 1297 3952 affirmavit
1316 3922 1361 3956 ne·

305 4009 353 4053 que
370 3993 501 4052 quisquam
521 3994 611 4040 erodet.
648 3994 696 4038 Illo
714 3992 787 4050 signo
805 3992 831 4039 ÷
849 3991 912 4036 nihil
937 3991 1005 4037 aliud
1023 3991 1190 4050 significatum
1209 3997 1262 4051 est,
1283 4007 1360 4052 quam

304 4078 443 4141 Vergilium
462 4091 491 4124 eo
509 4079 565 4124 loco
584 4078 697 4125 omisisse
714 4076 819 4124 verbum
838 4075 1030 4126 substantivum.
