2790 4988
588 288 802 352 -23-

169 457 210 522 ad
233 459 300 522 Aa.
322 457 410 538 VIII,
433 460 464 540 3,
486 459 507 522 4
536 479 603 524 aaa
625 481 703 543 acer
725 459 865 525 Picenae
887 459 1048 525 amasus?
1074 479 1140 524 aaa
1156 480 1225 541 pa-

169 561 320 642 tefaoiiom
340 562 402 625 iter
430 562 476 626 ad
496 562 626 626 arbem?
655 562 710 641 IV,
733 562 783 639 18,
808 563 825 625 1
856 563 1008 645 aaaaodo
1036 581 1108 645 erqo
1130 561 1224 626 abso-

166 662 277 727 lutas?
299 663 341 726 ad
366 663 433 727 Act.
457 664 541 741 XIV,
566 665 615 742 10,
641 665 656 727 1
681 669 716 729 ai
737 665 791 730 iile
813 665 909 730 eiiam
929 665 967 728 ia
986 664 1058 745 foro
1080 664 1223 729 caribus·

166 770 219 829 tas
250 765 466 847 laadamsqae
496 766 738 844 miserabiliter;
770 766 813 829 ad
841 764 906 830 fam
928 765 971 845 II,
993 765 1023 845 3,
1045 767 1066 829 2
1088 771 1224 831 serratas

165 871 296 931 vocatas
317 868 354 931 ia
376 868 518 946 cariam,·
540 868 581 930 ad
597 867 665 931 Act.
687 868 759 945 XII,
784 868 833 946 13,
858 868 874 930 1
897 867 1002 949 fatale
1017 869 1124 933 neseio
1142 869 1225 951 qaid

167 973 242 1033 taae
263 969 376 1035 viriati
404 970 531 1048 daiam,
562 970 599 1035 id
627 970 712 1052 qaod
732 990 828 1051 saepe
860 970 926 1034 iaia
948 972 1071 1052 experti
1092 990 1224 1050 stanam

169 1070 208 1148 X,
233 1071 281 1150 12,
303 1071 323 1134 3
354 1094 406 1137 res
427 1075 646 1154 inposterum
668 1072 780 1137 dilata.
825 1074 914 1150 Quae
943 1091 1013 1138 cum
1037 1072 1083 1136 ita
1106 1090 1140 1136 se
1162 1072 1223 1136 ha-

166 1170 272 1251 beant,
292 1173 371 1238 nihil
387 1174 597 1239 dubitandnm
614 1177 663 1239 est
684 1174 725 1239 de
747 1173 865 1239 talibus
880 1174 1036 1240 Plautinis
1059 1172 1221 1239 versibus:

251 1274 318 1339 Mil.
340 1296 369 1341 u.
392 1278 455 1344 907
485 1277 609 1359 Lepide
639 1281 670 1341 et
700 1277 864 1357 sapienter
886 1277 1042 1342 commode
1064 1281 1095 1341 et
1113 1277 1223 1358 facete

165 1399 218 1441 res
234 1383 367 1459 parata

252 1479 349 1546 Bach.
373 1499 401 1545 u.
423 1480 487 1545 373
520 1480 630 1547 Omais
659 1480 704 1544 ad
727 1481 905 1562 perniciem
925 1483 1088 1546 instructa
1109 1479 1225 1545 domm

166 1582 269 1663 opime
281 1587 376 1664 atque
393 1585 543 1665 opipare:
565 1583 619 1647 ubi
632 1584 674 1647 R:
700 1575 900 1674 (opiparest',
921 1585 987 1648 risi
1004 1573 1222 1674 (iasoaetast'

166 1687 321 1765 scriptam
341 1687 416 1767 fait,
438 1689 475 1749 ut
497 1684 672 1764 videamus,
695 1704 788 1766 quam
812 1684 933 1750 incerta
954 1704 1005 1751 res
1029 1684 1088 1764 sit,
1119 1683 1148 1748 si
1170 1703 1223 1748 re-

167 1786 308 1851 cedimus
331 1807 351 1852 a
372 1786 435 1852 fide
456 1787 619 1852 librorum.

250 1889 346 1953 Poen.
381 1908 409 1955 v,
439 1890 503 1955 965
535 1887 700 1955 Narniam
734 1893 772 1956 ia
808 1891 942 1956 balineis
980 1890 1223 1956 circumductus

161 1991 291 2072 pallio?

254 2092 345 2159 Cure.
368 2113 396 2159 v.
421 2095 483 2161 190
521 2095 597 2160 Iam
634 2095 707 2160 iaie
748 2096 906 2177 uoluptati
945 2096 1002 2160 leae
1030 2096 1225 2160 adiunctam

167 2198 285 2262 odiam.

253 2298 339 2363 Trin.
362 2318 391 2365 u.
415 2298 476 2363 706
499 2297 613 2363 Facile
629 2299 776 2380 palmam
797 2300 901 2378 700503,
931 2300 982 2364 aa
1003 2301 1114 2378 victas,
1143 2300 1227 2366 eicit

169 2406 228 2466 tua
251 2401 420 2466 comoedia.

252 2504 298 2568 Ut
312 2509 420 2567 autem
441 2502 501 2567 hoc
522 2502 591 2566 loco
611 2504 772 2569 antecedit
794 2505 854 2582 ieie,
877 2503 923 2568 sic
946 2510 981 2569 ta
1003 2503 1089 2568 Trin.
1112 2521 1140 2568 v.
1156 2503 1226 2570 975

164 2627 227 2688 pos
258 2611 293 2670 ta
321 2607 431 2688 factas
457 2603 653 2670 Charmides.
698 2607 787 2684 Quae
810 2606 915 2670 omnia
944 2605 1086 2688 exempla
1107 2607 1224 2671 rectis·

168 2709 247 2772 sime
262 2708 352 2774 nobis
366 2727 385 2772 a
401 2706 492 2772 libris
507 2708 630 2773 tradita
644 2712 729 2785 suut,
752 2727 852 2790 neque
869 2709 970 2790 magis
986 2708 1120 2772 vexandi
1143 2715 1224 2774 sunt

168 2809 223 2874 illo
246 2809 362 2875 circulo
384 2810 418 2876 hi
442 2828 566 2874 versus:

254 2912 369 2976 Pseud.
391 2930 420 2978 v.
443 2912 503 2978 631
535 2912 601 2978 Vae
616 2912 693 2977 tibi:
716 2916 751 2976 ia
772 2913 921 2977 iaoeaias
942 2933 1024 2991 aero,
1046 2933 1148 2977 meam
1163 2917 1225 2996 qai

168 3015 315 3098 furcillae
335 3016 439 3097 fidere.

255 3116 345 3197 Capt.
368 3137 397 3180 v.
425 3115 489 3183 564
522 3119 573 3182 Ta
602 3119 685 3182 eaim
713 3123 876 3199 repertae,
915 3118 1131 3182 Philocratem
1164 3122 1226 3201 qai

168 3239 300 3299 sapaes
320 3220 491 3284 veriverbio
508 3217 519 3304 ΙΙ
534 3220 597 3284 Pol
626 3241 680 3303 eoo
702 3225 739 3284 at
765 3241 832 3284 rem
852 3221 959 3298 uideo,
991 3225 1027 3284 ta
1060 3222 1224 3302 inventae,

169 3341 246 3384 cera
267 3321 457 3386 aaaiiadiae
481 3323 545 3403 aot
567 3324 745 3387 coaoiaoae

255 3422 379 3487 Deinde
408 3428 494 3489 recte
525 3424 665 3489 traditur
696 3425 729 3488 in
759 3423 913 3488 Bembina
945 3422 1138 3505 reliquisque
1168 3442 1225 3490 co-

170 3523 309 3588 dicibus:

256 3625 335 3690 Eun.
359 3646 387 3690 v.
409 3628 472 3693 286
504 3626 616 3694 Eiram
646 3651 735 3695 auae
765 3631 816 3694 iric
845 3633 913 3693 stas
934 3628 1122 3693 Parmeno?
1155 3629 1224 3710 eleo,

170 3750 325 3794 aaraaaa
346 3731 397 3795 iic
410 3731 542 3796 relictas
558 3737 671 3809 castos,
694 3732 746 3796 Ne
762 3733 833 3813 qais
857 3767 895 3776 -
919 3749 1053 3813 quocum
1070 3728 1108 3794 cf.
1125 3729 1225 3798 Paen.

171 3850 200 3895 u.
222 3832 285 3898 965
309 3834 400 3897 moda
423 3832 565 3897 allatum.

257 3933 347 4001 Gaea.
370 3936 451 4001 sat.
479 3935 553 4018 Frg.
576 3937 618 4000 36
649 3935 738 4001 Nara
767 3936 856 4000 nobis
886 3937 1013 4017 quidem
1043 3955 1139 3999 aooos
1169 3957 1224 4002 re-

169 4042 281 4118 perias
302 4038 391 4103 Ioor's
412 4040 491 4103 deas
