2790 4988
659 292 892 358 „100..

247 456 319 522 fam.
342 459 401 534 ΙΙΙ,
424 460 454 538 8,
477 459 496 521 8
519 459 695 524 liberalitas
710 465 769 524 tna
783 465 821 525 nt
834 459 971 524 bominis
986 459 1172 524 nobilissimi
1194 459 1294 523 latins

249 561 286 624 in
302 562 475 640 prouincia
492 563 619 642 potnit,
652 568 764 626 nostra
792 564 822 627 si
851 562 1018 644 anansticr
1050 563 1107 639 [est
1127 562 1213 640 add]
1236 581 1302 625 non

254 662 367 726 debent
386 664 502 727 mirari
523 663 663 728 bornines
678 668 715 743 ¹),
1145 651 1151 665 ’

335 765 441 843 Atque
482 765 577 830 etiam
621 765 775 830 Horatius
813 765 946 846 praebet
987 764 1082 829 huius
1117 764 1297 828 omissionis

250 865 408 946 exempla:
449 866 515 930 Sat.
546 867 571 943 Ι,
603 869 633 944 6,
665 866 706 931 83
737 867 899 932 Pudicam
936 867 992 948 qni
1014 868 1143 947 primns
1174 868 1302 931 uirtutis

250 967 358 1045 honor,
380 971 536 1048 serravit·
566 970 590 1046 Ι,
612 970 642 1045 4,
665 966 715 1034 45.
761 969 803 1033 nt
835 969 862 1032 ai
893 969 979 1048 apud
1008 969 1142 1033 eundem
1165 968 1301 1047 legimus

251 1070 317 1135 Sat.
341 1070 381 1148 ΙΙ,
414 1072 442 1150 Ι,
468 1072 506 1134 19
538 1076 658 1152 quanto
690 1073 886 1136 constantior
916 1071 1000 1135 idem
1029 1071 1066 1134 in
1094 1071 1181 1135 ciliis
1211 1073 1301 1134 tanto

252 1171 353 1236 lecina
374 1174 469 1237 miser
492 1194 530 1238 ac
548 1174 643 1254 prior
664 1173 719 1237 illa
741 1175 797 1255 qai
818 1179 905 1238 certa
921 1179 1007 1236 recte
1028 1171 1119 1236 nobis
1142 1172 1300 1236 traditur:

253 1273 293 1336 ud
316 1272 390 1339 fam.
408 1275 480 1354 XII,
501 1277 553 1353 23,
578 1277 591 1338 1
618 1276 675 1340 scd
696 1296 757 1356 qno
780 1280 838 1341 tna
861 1276 964 1339 maior
987 1275 1138 1358 dionius,
1162 1295 1196 1338 eo
1220 1294 1301 1354 qnae

252 1376 308 1440 tibi
329 1378 519 1443 acciderant
539 1379 645 1442 minas
665 1378 811 1458 ferenda,
834 1377 888 1442 nbi
904 1376 984 1442 falso
1007 1377 1138 1440 additur
1161 1380 1208 1440 est
1228 1380 1301 1455 pant

251 1479 393 1560 dionitas
422 1480 611 1560 praesertim
647 1496 718 1543 cnm
740 1478 944 1544 inveniantur
966 1480 1009 1545 ad
1032 1479 1099 1542 Att.
1121 1478 1205 1558 XVI,
1229 1480 1257 1552 7,
1280 1479 1300 1543 5

252 1599 368 1643 causas
389 1581 483 1646 babes
504 1583 607 1646 instas
627 1582 703 1646 illas
719 1582 845 1661 qnidam
865 1581 922 1644 sed
942 1581 1037 1645 natta
1057 1581 1181 1657 instiar,
1206 1601 1303 1661 qnam

251 1683 354 1764 qnod,·
376 1683 447 1763 XII,
470 1684 500 1762 4,
523 1685 542 1748 6
565 1703 667 1765 neone
689 1683 773 1746 enim
793 1683 858 1747 ista
878 1684 982 1747 maior
999 1683 1183 1760 admonitio,
1206 1703 1303 1763 qnam

251 1784 365 1865 qnibns
387 1787 545 1866 conficior.
589 1785 632 1850 Et
661 1785 725 1849 iam
748 1783 934 1849 habuimus:
969 1789 1021 1874 tnt
1050 1785 1106 1850 tibi
1135 1783 1302 1849 ambolan-

251 1888 336 1964 elnm,
359 1889 406 1953 sic
427 1888 505 1952 mibi
526 1878 786 1968 desperandmn',
809 1890 843 1948 et
857 1887 943 1966 apud
961 1886 1143 1951 Petronium
1167 1885 1301 1966 legimus

251 2009 281 2069 p.
305 1989 357 2069 35,
380 1990 421 2055 36
444 1990 550 2072 anatis
572 1990 719 2054 dmninns
742 1989 818 2054 talis
839 1993 870 2053 et
890 2009 1000 2055 serras
1072 1982 1074 1985 ’

340 2092 445 2172 Atque
467 2091 615 2171 quoniam
638 2092 680 2157 ad
702 2091 770 2156 Att
794 2090 834 2168 ΙΙ,
857 2090 888 2168 5,
910 2091 930 2153 3
953 2089 1102 2169 legimus:
1125 2094 1243 2166 atram,
1265 2093 1303 2154 nt

248 2194 365 2275 populi
385 2214 494 2270 sermo,
517 2193 689 2274 Pannonias
711 2197 741 2256 et
760 2190 907 2269 Orassns,
929 2212 974 2258 an
995 2197 1032 2257 nt
1052 2192 1129 2256 mibi
1144 2192 1303 2270 scribitur,

253 2316 324 2360 cmm
349 2295 488 2361 Gabinio
511 2294 641 2360 Seruius
664 2292 854 2375 Salariam?
881 2329 916 2337 —
946 2294 1026 2358 satis
1048 2292 1190 2358 defendi
1207 2301 1300 2374 puta·

253 2416 337 2461 mus:
361 2399 430 2462 Ter.
453 2396 551 2462 Haut.
570 2398 637 2462 ’219
659 2396 737 2461 Non
757 2402 795 2461 nt
814 2417 916 2474 mens,
947 2395 1004 2477 qni
1024 2396 1103 2460 mibi
1118 2417 1181 2477 ner
1203 2396 1304 2460 aliam

255 2501 413 2565 ostendit:
435 2500 479 2565 sic
501 2501 532 2564 A
553 2518 624 2566 cum
646 2499 721 2577 rell;
745 2498 792 2562 Fl.
816 2497 935 2562 frustra
959 2489 1098 2586 tmeast'.

341 2602 492 2668 Plautina
507 2599 662 2682 exempla,
685 2618 768 2680 quae
784 2599 844 2664 huc
868 2600 1109 2680 pertinentiam
1132 2599 1300 2667 maximam

254 2710 379 2783 partam
401 2704 473 2769 aliis
496 2702 573 2768 locis
596 2702 804 2768 tractavimus
827 2701 916 2766 velut
937 2704 983 2784 (p.
1006 2701 1081 2784 47):
1114 2702 1195 2765 Rud.
1221 2702 1303 2768 1075

252 2806 283 2869 si
309 2805 363 2870 ille
393 2810 421 2871 te
452 2807 647 2887 conprimere
669 2804 798 2887 solitas,
832 2803 883 2868 bic
915 2824 973 2868 noa
1005 2808 1111 2868 noster
1139 2823 1206 2869 non
1226 2803 1306 2868 solet

138 2959 142 2964 .
254 2906 370 2972 collata
392 2907 469 2973 Hor.
493 2907 558 2972 Sat.
581 2907 624 2984 ΙΙ,
647 2908 677 2982 3,
702 2905 764 2971 144
786 2904 823 2970 cf.
848 2925 877 2986 p.
903 2906 943 2971 15
965 2906 1005 2971 dc
1039 2896 1207 2997 ‘elocutus'
1231 2924 1302 2985 per-

253 3007 352 3085 555
377 3010 417 3073 da
442 3009 553 3091 Amph.
577 3026 607 3073 v,
629 3007 690 3072 481
715 3007 788 3072 vide
809 3026 838 3087 p.
861 3007 911 3071 40.
1000 3037 1002 3040 ⁴

339 3110 408 3176 Cas.
433 3130 460 3176 v.
483 3112 544 3176 841
570 3109 788 3192 Spectatores,
820 3110 906 3191 qnod
933 3110 1099 3190 fntnrnm,
1131 3109 1220 3173 intus
1253 3109 1304 3174 hic

253 3213 487 3279 memorabinns

339 3313 446 3378 hiatus
483 3313 562 3379 nihil
604 3313 700 3378 habet
738 3312 916 3378 offensionis
952 3319 985 3377 at
1029 3312 1114 3390 apud
1155 3313 1305 3393 fntnrmn

254 3433 350 3495 saepe
378 3422 455 3481 sant
483 3415 643 3480 omittitur
674 3434 774 3497 nuque
798 3413 1024 3497 impedimento
1047 3419 1114 3491 est,
1145 3414 1229 3494 quod
1253 3413 1304 3479 hic

255 3516 408 3583 habemus
431 3516 629 3583 enuntiatum
653 3517 829 3582 relativum.

339 3619 450 3699 Neque
472 3618 582 3684 dubito
598 3619 673 3700 quin
697 3626 784 3685 recte
807 3618 897 3683 nobis
912 3618 1062 3682 tradatur
1084 3618 1115 3683 in
1140 3617 1173 3680 M
1197 3618 1303 3683 cadica

256 3720 317 3786 Cic.
335 3721 375 3784 ad
391 3719 465 3785 fam.
481 3721 564 3799 XIV,
589 3722 638 3801 14,
663 3722 679 3784 1
703 3723 732 3787 si
752 3721 807 3786 ille
821 3721 957 3785 modeste
978 3725 1141 3798 centnrns,
1162 3724 1245 3785 recte
1266 3721 1303 3785 in

251 3824 442 3902 praesentia
464 3825 549 3888 domi
570 3844 635 3888 essa
651 3825 804 3904 potestis,
832 3824 885 3889 sin
907 3821 995 3888 bomo
1017 3843 1126 3887 amens
1148 3823 1304 3904 dirimen-

323 3976 349 4043 1)
367 3979 441 4039 Verg.
462 3981 523 4025 Aen.
542 3980 575 4036 11,
595 3981 626 4025 10
649 3977 693 4023 secl
715 3978 738 4024 ai
762 3985 840 4024 tantas
866 3992 935 4023 amor
961 3992 1033 4024 casua
1050 3992 1189 4037 aamercort
1207 3985 1301 4024 nortros

257 4063 314 4122 vll,
333 4066 382 4110 548
401 4071 444 4111 tna
461 4064 485 4111 ri
500 4064 560 4111 aaz·
576 4070 641 4110 certa
658 4063 766 4110 comatae
