2768 4710
583 307 796 381 ..213⁶

164 484 289 552 iensum
329 490 364 551 et
395 502 454 566 per
484 501 520 549 se
557 482 701 565 firmum,
738 482 830 565 quie,
865 487 901 548 to
931 496 1107 563 pronomen
1149 480 1225 543 aute

168 588 271 654 cedit:

251 686 347 755 Mene.
369 709 398 756 v.
421 689 486 755 964
518 694 692 771 propterea
720 689 820 771 ipttcr
851 691 886 750 to
913 689 1091 761 mereotus,
1127 702 1227 747 nonos

165 796 301 870 amator,
324 797 414 858 cetos
429 790 540 873 puer?

253 893 345 959 Nunc
359 891 540 961 accedimus
560 893 604 957 ad
626 914 727 958 ocsus
747 889 961 972 participium,
983 887 1034 952 cui
1058 887 1224 969 quomodo

166 1014 292 1077 semper
320 995 484 1077 potuerint
511 994 573 1059 viri
605 994 692 1060 docti
722 1015 755 1058 es
784 990 915 1057 verbum
944 989 1141 1069 obtrudere,
1173 989 1226 1056 vix

170 1096 309 1179 perspici
330 1099 456 1179 potest:

255 1198 349 1281 Epid.
383 1218 414 1265 v.
448 1198 511 1263 710
550 1198 638 1279 Quor
668 1198 748 1262 dore
778 1194 904 1261 cusos?
925 1213 950 1259 t:
976 1195 1062 1275 (Μία
1093 1192 1144 1257 mi
1176 1193 1224 1259 ioe-

170 1301 306 1366 bitionst.

256 1421 448 1485 quamquam
477 1403 506 1465 A
535 1420 660 1482 quoque
690 1422 790 1466 ocsus
819 1399 934 1479 hebet,
964 1403 1071 1463 tomen
1109 1397 1225 1464 Goete.

171 1505 308 1571 ousu's?
1050 1508 1051 1513 ’

255 1606 371 1673 Pseud.
399 1627 429 1672 v.
451 1606 514 1670 348
556 1606 642 1686 Quor
671 1606 708 1668 id
738 1626 839 1670 ausos
865 1602 1002 1687 fucere?
1032 1622 1058 1667 :2
1086 1602 1224 1682 imbuit,

169 1730 240 1774 meo
260 1710 335 1792 fuit.
378 1708 451 1774 Aul.
472 1727 502 1774 v.
525 1707 596 1772 740.
642 1707 729 1788 Quor
758 1707 795 1770 iot
823 1727 925 1771 misus
953 1706 1078 1788 fucere,
1112 1709 1154 1770 nt
1182 1705 1225 1784 id,

170 1811 255 1892 qood
275 1831 341 1875 non
363 1816 453 1875 tuom
475 1814 563 1887 esset,
588 1808 776 1892 Tonperes?
1055 1833 1058 1841 ·

257 1912 340 1978 Men.
363 1931 392 1977 v.
414 1912 478 1976 482
506 1910 548 1978 Ut
568 1911 769 1992 surropoisti
790 1915 820 1974 te
840 1909 919 1974 mitti
936 1909 1058 1973 dodoni
1079 1909 1122 1974 de
1142 1911 1226 1991 foro,

228 2087 230 2090 Α
258 2013 380 2079 Fecisti
400 2016 503 2098 funos
523 2015 596 2078 meet
620 2013 744 2077 absenti
759 2013 913 2094 prandio.

261 2113 328 2180 Gur
349 2136 450 2182 ocsus
468 2117 588 2199 fucere,
611 2116 686 2197 quoi
707 2135 762 2198 epo
784 2135 883 2196 oeque
905 2114 994 2178 iteres
1015 2112 1133 2177 worn?

260 2216 312 2282 Sic
327 2218 528 2299 distinguunt
542 2218 579 2282 n
595 2224 627 2283 et
643 2218 769 2299 Ussing.
785 2223 819 2282 et
833 2216 977 2281 scribunt
992 2215 1104 2280 ooso's
1128 2214 1229 2296 iolso3

174 2338 239 2401 quc
254 2320 286 2382 in
309 2319 514 2385 distinctione
529 2319 741 2401 supplendum
756 2324 807 2383 est
822 2334 994 2398 pronomen
1011 2317 1050 2397 ei,
1072 2317 1118 2380 nd
1146 2319 1233 2399 quod

177 2422 251 2502 quoi
273 2420 443 2486 relativum
475 2420 641 2487 referatur.
685 2422 779 2499 Quod
811 2427 848 2483 ut
870 2418 1005 2484 evitaret
1036 2424 1069 2483 et
1090 2431 1133 2483 ut
1157 2421 1234 2504 quoi

176 2523 218 2586 ed
234 2524 380 2605 prandio
401 2522 637 2588 subsuntivum
660 2521 849 2600 referretur,
880 2521 1026 2585 distinxit
1048 2521 1234 2589 Vahlenus:

171 2626 327 2707 prandio,
351 2645 409 2690 cur
428 2646 530 2690 ausos
550 2626 668 2706 facere,
692 2626 766 2707 quoi
781 2623 859 2708 epo?
892 2622 944 2688 sie
960 2622 1117 2689 habemus
1133 2643 1234 2691 unum

176 2727 394 2806 enuntiatum,
426 2726 453 2792 si
485 2746 543 2791 eur
564 2747 664 2793 cums
684 2729 794 2809 fucere
822 2726 920 2792 verba
942 2744 976 2790 se
998 2724 1171 2807 applicant
1197 2728 1235 2794 ad

177 2829 285 2910 fecisti
316 2828 448 2894 verbum
470 2826 604 2893 finitum.
649 2830 739 2906 Quae
761 2834 925 2894 structure
946 2827 1054 2893 Plauti
1076 2828 1235 2911 simplici·

179 2930 241 2994 tati
264 2948 325 2994 non
348 2935 434 3010 apta,
467 2930 525 2994 sed
546 2930 640 2994 nimis
664 2935 809 2995 contorta
829 2935 890 2996 est.
934 2929 968 2994 Si
991 2948 1062 2994 curn
1085 2929 1236 2997 Vahleno

178 3031 312 3112 faciam,
342 3039 379 3096 ut
402 3034 477 3113 quoi
498 3031 630 3096 accedat
652 3031 693 3096 cd
711 3033 908 3112 prandium,
944 3049 1003 3112 ego
1034 3032 1236 3116 distinguam

179 3134 286 3214 fecisti
315 3133 419 3215 funos
446 3155 485 3198 m.
508 3154 539 3198 o.
555 3134 717 3214 prandio,
739 3170 780 3179 —
804 3155 862 3199 cnr
893 3154 994 3198 ocsus
1021 3133 1162 3214 facere?
1199 3172 1237 3184 -

184 3235 259 3316 quoi
282 3254 337 3317 epo
358 3255 458 3316 oeque
486 3235 575 3300 iteres
597 3234 709 3299 enom?
739 3254 840 3316 neque
870 3237 952 3301 enim
984 3235 1238 3316 interrogatione

184 3356 242 3401 cun
264 3357 365 3401 ocsus
384 3337 518 3418 fucere?
540 3355 583 3402 sc.
604 3337 707 3418 funos
728 3338 897 3403 interiecto
913 3336 1108 3417 dirumpitur
1131 3355 1237 3405 sermo

183 3443 218 3502 et
250 3435 386 3505 fortusse
416 3438 495 3503 bene
524 3439 763 3504 demonstretur
793 3456 915 3503 summa
936 3438 1116 3519 indignatio
1138 3459 1238 3522 pern·

184 3540 239 3604 siti
261 3539 434 3605 iratissimi.
470 3540 531 3604 Sed
554 3546 628 3604 utut
650 3546 708 3620 ost,
736 3541 862 3605 minime
885 3540 1059 3604 desiderari
1081 3540 1188 3609 debet
1213 3565 1239 3611 es

185 3640 335 3720 verbum,
366 3643 450 3722 quod
472 3641 527 3707 illa
549 3643 713 3723 superiora
735 3641 881 3723 exempla
910 3642 1087 3706 docuerunt
1117 3651 1153 3709 et
1186 3649 1239 3713 do

186 3748 258 3807 cent
279 3737 464 3825 praetereo:

271 3845 365 3926 Epid.
395 3864 425 3909 v.
459 3846 520 3910 697
557 3846 630 3926 Quo
665 3846 790 3927 fiducia
821 3868 921 3912 nosos
952 3847 1113 3929 monum,
1156 3873 1240 3934 quac

190 3951 329 4028 emptast
348 3948 470 4013 nudius
492 3949 614 4025 tertius,

275 4048 399 4114 Filiam
419 4070 522 4114 mecon
544 4051 648 4115 dicem
670 4051 760 4117 esse?
782 4072 808 4116 :t
831 4052 962 4130 Loooit,
984 4073 1023 4115 eo
1043 4051 1184 4132 fiducia.
