2790 4988
706 281 919 349 ,74-

293 455 407 521 amiur.
441 455 564 521 Deinde
578 434 737 521 invenitur
751 456 839 520 rum
855 459 889 519 et
905 454 1049 520 lulum
1093 453 1136 517 ut
1154 454 1241 535 mre
1257 453 1341 518 lue

295 556 408 621 Pseud.
432 576 460 621 v.
485 558 584 637 12463
608 557 687 639 quid
707 557 815 623 istuc?
837 557 934 622 Buch.
951 578 979 623 v.
995 556 1075 636 5833
1100 555 1249 638 quidhoc
1271 555 1341 620 est?

293 658 407 723 Pseud.
431 677 459 722 v.
481 660 561 739 246;
584 662 663 742 quid
683 661 719 726 id
741 664 788 725 est
808 661 891 725 Meu.
915 678 944 723 v.
967 658 1046 738 6303
1070 657 1143 723 ulis.

377 762 445 825 Iam
477 763 514 828 R.
552 763 706 829 concessit
743 762 891 828 Plautum
929 761 1095 842 scripsisse
1126 765 1173 825 est
1204 759 1339 824 omisso:

291 865 408 929 mirum
429 866 474 944 ui,
503 867 619 930 mirum
642 867 721 947 quim
749 865 837 930 velut
858 865 952 930 Most.
976 882 1004 928 v,
1027 864 1090 929 493
1113 863 1240 928 Mirum
1262 863 1341 943 quiri

291 968 440 1051 muiluuti
469 968 603 1053 diceret;
643 967 729 1033 Pers.
760 968 841 1045 4333
873 968 945 1032 Aul.
976 967 1035 1046 853
1069 965 1183 1046 Amph.
1217 983 1246 1028 v.
1277 963 1341 1029 315

292 1069 418 1135 Mirum
449 1072 486 1134 rri
514 1071 565 1135 ltic
586 1091 634 1135 me
657 1107 696 1116 -
720 1091 867 1136 ecossure
898 1073 1034 1154 ccultum
1063 1088 1092 1133 v,
1119 1068 1180 1132 947
1205 1067 1341 1145 Mirum,

293 1173 371 1253 quid
392 1173 478 1238 solus
498 1194 604 1241 secum
625 1179 743 1239 secreto
772 1173 826 1239 ille
848 1178 942 1256 aeut·
973 1171 1066 1254 Epid.
1088 1191 1117 1236 v.
1139 1172 1204 1235 414
1225 1171 1341 1234 mirum

260 1299 262 1304 ’
292 1275 348 1339 loc
370 1277 426 1357 qul
442 1277 551 1356 poluit
570 1278 651 1358 fieri.

380 1377 423 1442 Et
444 1378 471 1442 si
494 1378 670 1443 invenimus
692 1378 788 1444 etiam
810 1381 927 1445 mr'rrum
948 1379 977 1443 si
998 1378 1089 1441 Truc.
1112 1396 1140 1440 v.
1162 1374 1226 1440 305
1248 1374 1343 1441 Nilil

239 1498 242 1503 ·
291 1481 408 1544 mirum
432 1518 469 1525 -κ
494 1481 609 1546 luteres
639 1486 758 1547 ueteres
788 1483 818 1546 si
845 1486 958 1559 ruerit,
991 1481 1028 1546 R.
1060 1497 1120 1544 non
1154 1484 1240 1542 recte
1263 1475 1342 1541 mihi

292 1589 433 1648 mutasse
456 1583 582 1647 videtur
891 1656 896 1665 .

379 1685 443 1751 Mil.
468 1704 495 1749 u.
521 1686 602 1751 1040
632 1693 754 1753 ecuster
782 1687 862 1752 luut
887 1687 1021 1763 mirum,
1054 1686 1084 1749 si
1113 1682 1208 1748 ludes
1230 1702 1343 1747 curum

292 1787 462 1852 Hominem
484 1793 550 1883 tum
565 1790 728 1871 pulcrum,

379 1889 432 1955 ubi
454 1891 492 1954 R.
512 1892 660 1956 mirumst
681 1897 729 1971 te;
757 1894 815 1958 scd
845 1896 891 1958 est
918 1893 1278 1972 superseminatum,
1308 1894 1344 1950 et

292 1992 319 2056 si
350 1997 379 2056 te
409 1993 570 2075 ponimus,
600 1994 797 2076 aliquantum
828 1994 946 2074 leporis
976 1992 1060 2056 illius
1081 2009 1192 2056 versus
1220 1989 1343 2054 sinete

294 2096 453 2175 perspicui
475 2097 567 2177 perit.
611 2097 707 2162 Falso
729 2097 856 2163 addidit
878 2099 915 2162 R.
938 2101 984 2161 est
1005 2095 1103 2159 etiam

376 2197 459 2263 Meu.
482 2219 510 2263 v.
533 2199 597 2265 335
619 2201 655 2264 R.
678 2201 816 2265 Mimime
837 2200 941 2265 hercle
961 2200 1097 2263 mirum:
1118 2216 1234 2260 murem
1256 2194 1343 2260 lurco

291 2303 470 2366 meretrices
491 2302 615 2381 luberti,
638 2321 710 2368 uam
733 2304 784 2369 hic
807 2302 916 2368 hiatus
937 2302 969 2365 iu
992 2317 1124 2366 caesura
1139 2305 1172 2363 ct
1194 2299 1225 2362 iu
1241 2316 1344 2378 pausa

292 2403 446 2468 nemiuem
470 2403 628 2470 offendere
660 2405 756 2470 debet
778 2411 810 2470 et
832 2403 870 2469 cf.
894 2405 956 2471 Cic.
980 2403 1021 2467 ad
1044 2400 1118 2467 fem.
1140 2400 1223 2477 XVI,
1250 2400 1299 2477 15,
1322 2402 1342 2465 2

290 2507 401 2586 accepi
430 2511 518 2572 tuam
547 2508 717 2589 epistulam
737 2507 963 2573 vacillantibus
985 2505 1115 2582 litteris,
1146 2524 1204 2568 uec
1225 2503 1343 2568 mirum

292 2608 357 2671 lum
377 2611 470 2690 eruci
491 2611 604 2675 morlo.
981 2600 984 2605 ’

374 2709 484 2790 Neque
506 2712 643 2778 debebat
666 2712 819 2779 Fleckeis.
840 2713 987 2777 mirmust
1007 2708 1145 2774 scribere

378 2813 493 2894 Amph.
508 2835 536 2879 v.
552 2814 616 2880 596
638 2814 751 2880 Nihilo
772 2816 905 2896 iuquam
926 2815 1042 2878 mirum
1056 2812 1158 2894 muqis
1173 2810 1237 2875 tili
1259 2811 1342 2875 istuc

294 2936 389 2996 quum
410 2916 488 2980 milti

379 3018 432 3083 ubi
455 3019 583 3085 omissio
605 3021 701 3086 etiam
731 3022 814 3086 istuc
836 3019 1019 3099 pronomine
1043 3015 1223 3083 defenditur
1244 3020 1277 3080 et
1301 3014 1340 3080 cf.

293 3121 333 3184 ad
350 3119 422 3185 scm.
446 3121 530 3203 XVI,
553 3123 605 3199 21,
628 3123 648 3186 2
673 3125 765 3188 cuius
788 3128 816 3186 te
838 3121 1063 3189 sollicitudinis
1079 3125 1109 3184 ct
1124 3119 1240 3184 doloris
1256 3139 1341 3200 pur·

293 3224 419 3304 tleipem
455 3225 557 3306 fuisse
592 3231 701 3290 uotum
736 3226 997 3307 exploratumque
1035 3227 1081 3287 cst
1107 3221 1184 3286 milti
1217 3241 1276 3287 uec
1307 3222 1342 3286 id

291 3346 416 3392 mirum.

379 3430 492 3511 Itaque
529 3449 569 3494 ue
600 3429 666 3495 Mil.
698 3449 727 3493 v.
758 3430 818 3495 321
852 3430 980 3510 quidem
1018 3446 1088 3491 cum
1120 3427 1157 3490 R
1188 3426 1340 3493 debemus

291 3534 438 3598 mirumst
458 3531 595 3598 scribere
618 3533 674 3597 sed

377 3636 505 3701 Mirum
537 3637 610 3701 lelio
640 3637 761 3701 victure
793 3640 821 3700 te
852 3639 917 3699 tum
943 3634 1001 3699 uili
1031 3635 1135 3698 tricito
1165 3631 1232 3710 (BC
1253 3634 1340 3699 miru

289 3740 392 3821 solio),

380 3861 452 3908 num
482 3842 567 3924 quod
597 3842 798 3907 accusativus
830 3859 901 3906 cum
934 3838 1088 3904 infinitivo
1111 3837 1161 3903 hic
1184 3838 1339 3920 sequitur,

292 3944 330 4012 cf.
354 3947 394 4008 ed
417 3945 491 4011 fam.
512 3944 551 4024 V,
576 3946 667 4022 13‚3
696 3947 805 4026 itaque
836 3942 972 4008 alterum
1001 3943 1107 4007 miuus
1128 3939 1244 4006 mirum
1271 3943 1341 4024 for-

293 4050 403 4113 tiorem
425 4053 453 4114 te
476 4069 557 4128 esse,
589 4069 659 4113 cum
688 4047 814 4129 aliquid
834 4066 958 4127 speres,
989 4045 1125 4111 ultermu
1146 4045 1262 4111 urirmu
1283 4067 1341 4129 spe
