2790 4988
583 307 796 372 ..14-

252 478 336 543 Men.
359 495 388 544 v,
412 476 474 541 768
511 476 598 557 Quid
617 478 696 543 mitt
722 475 896 542 molestas?
918 495 941 540 ::
967 476 1054 557 Quia
1083 495 1133 540 me
1155 493 1227 540 non

166 581 291 645 novisse
314 580 372 643 uis.

253 681 347 746 Poen.
370 700 398 746 v.
421 681 484 746 328
518 680 605 761 Quid
626 686 661 746 tn
691 680 766 745 ais?
788 699 812 744 ::
839 680 925 761 Quid
944 679 1023 745 mibi
1043 675 1227 744 molestus?

168 784 305 862 obsecro,

254 904 335 966 qnae
357 883 501 966 exempla
522 884 607 949 inter
628 903 665 953 se
687 890 833 963 tuentur,
866 902 966 965 neque
988 902 1063 949 vero
1085 883 1134 947 a’s
1156 879 1228 947 ior-

169 1007 240 1052 mae
264 987 316 1052 hie
347 1005 416 1052 esse
443 986 544 1051 ullum
574 985 676 1053 loeurn
706 988 815 1052 statim
846 988 942 1051 etiarn
966 986 1109 1066 apertius
1134 984 1228 1050 vide·

169 1090 284 1170 bimus,
307 1089 441 1170 legimus
464 1087 547 1152 enim

253 1191 348 1256 Poen.
371 1208 399 1254 v,
423 1189 509 1256 1304
537 1188 626 1255 Num
649 1190 704 1255 tibi
726 1192 914 1257 adulescens
935 1191 1041 1256 molae
1063 1193 1124 1254 ant
1145 1189 1229 1255 dea·

171 1299 217 1360 tes
234 1294 401 1376 wasiani,
416 1292 432 1375 ΙΙ

259 1395 322 1476 Qui
342 1396 416 1460 buia
438 1416 471 1459 es
491 1394 649 1472 molestus,
672 1415 718 1459 aa
738 1396 858 1461 molam
878 1417 945 1460 rem
966 1393 1159 1478 quaeritas?

257 1504 290 1563 et
312 1497 372 1562 hoe
387 1495 513 1576 quidem
538 1496 605 1561 loeo
622 1517 655 1560 es
671 1498 812 1562 traditur
834 1505 871 1564 ut
886 1499 993 1564 versui
1010 1495 1230 1563 necessarium

172 1607 206 1666 et
227 1600 367 1681 positum
390 1605 439 1664 est
461 1605 537 1664 ante
559 1599 716 1664 molestas
762 1600 867 1682 Atque
889 1599 1032 1681 profecto
1054 1599 1081 1663 si
1103 1598 1136 1662 in
1161 1598 1230 1664 illis

170 1699 388 1785 superioribus
404 1700 547 1766 versibus
562 1700 688 1765 omnino
704 1723 737 1766 es
751 1703 883 1768 verbum
905 1700 1109 1768 inserendum
1126 1706 1228 1782 esset,

174 1811 240 1869 turn
271 1803 409 1869 scribere
431 1801 617 1868 deberemus
639 1803 746 1884 potius
776 1805 854 1870 mibi
883 1826 932 1882 es,
967 1804 1018 1869 illi
1047 1824 1097 1880 es,
1127 1819 1228 1882 quam

172 1907 320 1972 roolestns
351 1927 400 1984 es,
439 1905 524 1987 quod
556 1904 589 1968 hi
621 1902 680 1969 loci
712 1906 948 1974 demonstrant:
988 1905 1069 1969 Men.
1100 1924 1129 1969 v.
1165 1903 1230 1971 616

173 2008 263 2074 Nam
283 2009 361 2073 mitt
383 2028 415 2073 es
435 2008 525 2072 irato
546 2005 683 2072 saltent?
712 2008 804 2090 Capt.
828 2027 856 2073 v.
874 2010 935 2075 709
961 2009 1047 2089 Quor
1063 2026 1136 2089 erpo
1159 2007 1230 2071 irae

175 2117 226 2178 tus
255 2112 334 2177 anibi
363 2110 421 2175 as?
464 2109 544 2174 aad.
566 2128 595 2174 n.
622 2109 705 2175 1372
736 2111 813 2177 Noa
843 2117 879 2177 tu
905 2113 1036 2176 iuratus
1063 2109 1142 2173 mibi
1175 2109 1232 2175 es?

174 2214 288 2279 Pseud.
319 2233 347 2277 v.
376 2213 419 2280 30
451 2213 578 2278 odiosas
609 2212 687 2277 mint
716 2234 757 2277 es.
809 2214 900 2295 Capt.
929 2232 958 2278 v.
988 2213 1053 2278 224
1080 2210 1174 2275 Nom
1203 2211 1232 2277 si

176 2338 249 2382 erus
267 2303 307 2380 ¹tn
328 2315 407 2380 mitt
429 2335 461 2379 es
484 2319 580 2396 atque
603 2335 657 2398 epo
680 2336 746 2380 esse
767 2338 816 2382 aaa
839 2322 929 2381 tunm
951 2315 1066 2380 Pseud.
1090 2333 1120 2378 v.
1146 2313 1232 2381 1166

176 2420 255 2502 qnid
275 2438 362 2484 anno
383 2417 429 2482 ma‘
450 2438 482 2483 es
504 2415 632 2494 onotdr,
665 2415 769 2497 Simo,
792 2436 885 2499 quem
909 2435 1035 2482 versum
1058 2417 1232 2497 quominus

175 2521 309 2588 Ritscbl.
333 2520 485 2586 scriberet
508 2519 700 2600 elegantiore
723 2527 841 2585 metro:
873 2521 918 2584 mi
940 2521 1053 2584 odoror
1076 2519 1108 2583 e's
1130 2517 1232 2597 Simo,

175 2623 356 2705 prohibuit:
388 2622 503 2687 Pseud.
532 2640 560 2684 v.
585 2621 646 2685 231
681 2622 768 2702 Quid
794 2623 838 2688 mi
867 2643 899 2686 es
929 2626 1058 2699 aucta,
1089 2620 1166 2685 baio
1196 2625 1235 2687 ut

176 2727 307 2790 mittum.
351 2725 445 2789 Poen.
475 2744 504 2788 v.
536 2723 601 2787 404
631 2727 657 2787 Α
688 2725 835 2805 praebet:
873 2725 918 2789 mi
947 2729 1062 2790 unctor
1090 2744 1143 2802 es;
1175 2724 1234 2789 sed

177 2833 263 2894 certo
279 2825 488 2908 praeferenda
504 2831 554 2890 est
575 2824 670 2891 lectio
685 2825 880 2909 reliquorum
896 2826 1050 2904 codicum,
1072 2843 1156 2906 quae
1180 2826 1234 2892 hie

177 2931 275 2995 etiam
298 2928 508 3010 elegantiores
539 2929 673 3008 praebet
701 2947 864 2995 numeros:
896 2929 983 3010 Quid
1010 2929 1101 2992 atino
1130 2930 1178 2994 mi
1202 2950 1235 2995 es

179 3033 300 3109 adotor,
323 3030 485 3113 Milphio?

222 3137 335 3199 Actum
360 3134 459 3214 igitur
481 3133 520 3206 de
542 3134 590 3198 n's
612 3132 780 3199 coalitione
802 3133 834 3198 in
858 3132 931 3213 illis,
954 3150 1037 3213 quae
1059 3151 1161 3214 supra
1184 3141 1237 3200 at·

180 3236 319 3315 tulimus,
342 3235 504 3315 exemplis.
548 3235 698 3300 Addendi
719 3245 795 3301 sunt
818 3235 851 3299 hi
874 3235 949 3301 loci:

241 3351 244 3358 “
264 3337 362 3403 Stich.
385 3356 414 3402 n.
436 3338 500 3402 322
525 3336 611 3417 Quid
633 3342 698 3402 tam
719 3337 925 3403 iracundas?

178 3447 247 3526 (nos
270 3459 394 3524 qnoque
415 3439 588 3520 loquimur:
611 3460 737 3505 warum
758 3460 793 3504 so
809 3438 1020 3522 jdbaoraip?)

266 3544 358 3608 Truc.
382 3561 409 3607 v.
431 3540 494 3606 355
529 3541 592 3622 Qut
616 3547 681 3607 tom
701 3541 873 3622 infandae,
904 3540 1034 3606 Lemmo
1056 3541 1238 3612 adueniens

182 3649 238 3730 qno'
261 3651 343 3711 tuoe.
360 3643 372 3730 ΙΙ

232 3783 233 3787 =
264 3747 341 3812 Noa
363 3747 417 3811 des
440 3747 571 3825 amicae,
593 3745 784 3825 Diaiorebe,
807 3746 955 3812 sautum?

266 3850 381 3915 Pseud.
404 3869 432 3914 v.
455 3851 518 3915 873
540 3849 622 3928 Eho,
645 3870 690 3913 on
712 3849 808 3914 etiam
828 3848 1011 3931 veneficas?
1067 3920 1074 3929 ,

267 3953 315 4016 Ex
337 3952 489 4034 exemplis
513 3952 629 4016 tertiae
643 3969 795 4033 personae
816 3950 951 4016 omissae
974 3950 1036 4014 hue
1050 3949 1238 4032 pertinent:

181 4055 246 4122 Mil.
261 4075 289 4120 v.
307 4055 387 4118 llll
408 4054 494 4134 Quid
507 4055 545 4133 ab,
561 4054 653 4135 ecqui
664 4053 785 4136 fortis?
808 4053 851 4116 R:
872 4053 991 4134 sortist.
1014 4051 1105 4117 True.
1123 4072 1153 4119 v.
1171 4053 1239 4122 602
