2768 4710
673 327 885 392 ,66-Γ

194 558 199 569 ,
251 518 381 579 sepum
403 497 483 563 hoo:
505 500 620 583 ecquid
641 503 688 564 est
707 499 846 564 solatis?
875 499 955 563 sotis
979 498 1093 577 locutu
1115 502 1159 579 (p.
1179 499 1233 575 30)
1262 499 1302 562 In

251 599 417 665 enuntiato
446 599 651 666 subordinato
674 601 764 666 deest
789 592 887 692 testts’
920 599 1018 666 Stich.
1041 620 1069 665 v.
1090 602 1151 665 649
1175 600 1302 667 Solunte

249 700 396 766 Athenae
419 723 501 784 quoe
522 704 664 767 manices
688 701 848 768 &acciae
875 700 971 768 Naev.
994 702 1054 786 frg.
1077 703 1122 768 37·
1140 701 1216 781 Dic,
1239 723 1302 784 quo

246 807 346 885 pacto
368 826 439 870 eum
454 804 577 886 potiti?
601 825 741 888 popano
763 824 808 869 on
830 804 910 869 dolis
923 807 953 884 ¹)

336 905 398 970 Sed
421 906 480 973 hoc
502 907 570 973 loco
592 909 688 989 paulo
710 907 812 972 fusius
831 906 1049 972 disserendum
1073 926 1110 973 ac
1127 908 1299 973 decernen-

252 1007 329 1073 dum
351 1014 400 1073 est
423 1010 462 1073 de
653 1046 655 1050 »

335 1109 408 1175 Aul.
430 1130 459 1176 v.
479 1111 543 1177 354
571 1106 715 1191 deserto,
739 1111 886 1191 suante,
916 1112 975 1176 hos
995 1111 1119 1193 facturi
1140 1110 1301 1192 neptas?

338 1214 391 1295 qui
416 1230 526 1280 versus
541 1214 693 1279 obscurus
715 1219 748 1278 et
765 1219 932 1294 corruptus
949 1213 1118 1279 videbatur
1137 1231 1206 1279 esse
1223 1212 1302 1278 viris

257 1314 367 1379 doctis.
413 1316 564 1380 Attamen
586 1317 626 1379 ad
648 1333 741 1396 quam
761 1333 927 1396 personam
951 1316 1079 1382 verbum
1100 1315 1299 1381 referendum

254 1416 305 1490 sit,
336 1436 374 1480 ex
401 1418 610 1500 appellatione
633 1416 767 1483 Strohile
797 1437 856 1483 non
883 1418 987 1482 minus
1015 1419 1216 1498 perspicuum
1240 1422 1300 1496 est,

253 1536 349 1599 quam
370 1519 469 1584 Nasu.
485 1519 545 1600 irg.
566 1506 606 1584 37
630 1527 764 1602 apparet
787 1539 825 1585 ex
845 1521 897 1584 dic
918 1520 1107 1601 imperativo
1127 1520 1300 1584 secundam

251 1638 419 1701 personam
443 1623 486 1686 ad
508 1623 606 1705 potiti
631 1620 806 1701 perlectum
835 1639 904 1686 esse
930 1621 1121 1702 cogitatione
1148 1620 1299 1702 supplen-

252 1723 334 1789 dam.
379 1724 569 1790 Muellerum
586 1731 692 1789 autem
712 1722 789 1787 nihil
812 1723 874 1788 nisi
890 1722 999 1787 hiatus
1017 1723 1188 1788 adduxisse
1210 1723 1300 1788 vide-

251 1832 305 1890 tur
327 1828 358 1890 in
383 1846 451 1891 eam
470 1825 671 1902 sententiam,
694 1830 731 1889 ut
750 1824 870 1890 diceret
893 1822 994 1906 (Pros.
1016 1844 1047 1905 p.
1063 1824 1142 1908 482)
1166 1825 1299 1889 verbum

249 1925 372 1993 finitum
397 1927 485 1992 nulla
506 1928 688 1993 condicione
710 1927 818 1991 omitti
839 1944 940 2007 posse.
986 1925 1070 1990 Satis
1093 1924 1297 2007 perspicuum

250 2048 376 2094 versum
399 2048 469 2096 esse
491 2031 554 2096 iam
578 2031 726 2107 diximus,
748 2029 864 2093 deinde
886 2029 971 2109 apud
993 2027 1144 2109 foeturas
1166 2028 1299 2092 verbum

249 2149 309 2196 non
343 2133 436 2197 modo
466 2133 643 2198 invenimus
675 2152 746 2196 sum
777 2132 885 2196 deesse
916 2129 1014 2195 Stich.
1037 2148 1067 2194 v.
1088 2130 1128 2194 73
1160 2137 1192 2194 et
1215 2129 1299 2195 Men.

251 2252 279 2299 v.
300 2234 378 2314 119;
410 2235 466 2300 sed
491 2253 646 2317 persaepe
668 2233 765 2298 etiam
795 2231 966 2315 singularis
996 2233 1134 2296 secunda
1164 2250 1301 2312 persona

251 2337 410 2401 omittitur
432 2343 475 2419 (p.
492 2337 556 2415 23).
600 2336 642 2400 Et
672 2335 796 2401 codices
818 2334 959 2399 Plautini
988 2351 1112 2398 versum
1143 2335 1299 2415 praebent

251 2436 374 2518 qualem
407 2457 466 2520 ego
495 2437 667 2518 adscripsi,
698 2436 884 2516 quibuscum
916 2434 1072 2500 consentit
1101 2436 1218 2500 Festus
1251 2435 1299 2519 (et

252 2537 406 2620 Servius),
430 2539 609 2605 Macrobius
632 2545 738 2604 autem
754 2537 840 2602 solus
863 2537 931 2620 (qui
950 2557 987 2602 ex
1004 2537 1114 2601 eodem
1131 2535 1218 2600 fonte
1236 2555 1299 2619 quo

252 2641 367 2704 Festus
396 2640 518 2725 hausit)
548 2641 642 2722 legit:
674 2642 707 2705 hr'
736 2644 813 2705 suot
837 2640 976 2721 facturi,
1006 2656 1100 2718 quam
1132 2638 1298 2704 lectionem

252 2742 362 2808 Goetz.
393 2744 423 2808 in
447 2748 567 2808 textum
591 2742 711 2824 recepit
738 2743 869 2821 iniuria,
900 2759 972 2806 nam
995 2741 1080 2822 apud
1103 2740 1299 2807 Macrobium

253 2844 408 2910 habemus
424 2846 631 2911 mutationem
648 2842 777 2909 oonsilio
794 2843 911 2908 factam
930 2861 1024 2924 quam
1041 2848 1152 2908 contra
1168 2845 1300 2910 Festum

253 2953 285 3011 ot
308 2947 405 3011 libros
428 2965 500 3011 mss.
530 2947 676 3030 recipere·
700 2965 761 3011 non
791 2949 841 3010 est
865 2962 961 3009 sanae
983 2945 1126 3010 rationis.
1172 2947 1301 3013 Cadunt

253 3050 351 3113 etiarn
375 3049 523 3114 Muelleri
549 3050 714 3114 conamina
745 3050 787 3114 ad
815 3047 939 3112 irritum
962 3049 1166 3129 proponentis
1195 3049 1299 3133 (Pros.

253 3170 283 3231 p.
307 3151 386 3232 482)
419 3143 521 3242 thaeo'
550 3151 600 3214 uel
629 3150 693 3242 thio
723 3155 800 3216 sunt
827 3140 986 3232 futurae'.
1038 3149 1154 3214 Hiatus
1184 3160 1302 3232 autem,

256 3253 460 3333 quo-inducti
477 3256 551 3316 sunt
571 3252 630 3316 viri
650 3252 745 3332 docti,
768 3250 846 3316 nihil
865 3250 961 3315 habet
978 3250 1157 3317 offensionis
1179 3255 1211 3318 in
1230 3275 1303 3321 cae·

256 3373 331 3419 sura
352 3362 384 3419 et
403 3353 747 3436 postjappellationem.
790 3354 851 3418 Hic
869 3353 969 3433 igitur
987 3352 1169 3420 Aululariae
1191 3375 1304 3423 versus

258 3456 349 3521 nobis
371 3456 547 3522 rectissime
569 3475 589 3520 a
610 3455 700 3521 libris
723 3474 795 3536 mss.
819 3455 955 3520 traditus
977 3461 1035 3521 est.

343 3559 387 3623 Et
408 3559 501 3623 Most.
523 3578 552 3623 v.
569 3556 633 3623 604
653 3556 802 3624 Datnna'n
818 3559 892 3622 estis
908 3557 1027 3638 faenus
1044 3563 1188 3624 actutum
1202 3563 1304 3629 mitt?

333 3747 357 3810 1)
376 3749 427 3795 Leo
446 3749 528 3796 attulit
545 3749 562 3796 l.
582 3765 600 3796 s.
621 3763 641 3798 s.
660 3764 685 3809 p.
701 3750 763 3798 190:
791 3748 862 3806 Verg.
882 3749 926 3795 eol.
946 3750 969 3807 ὁ,
990 3750 1020 3795 21
1044 3763 1086 3796 ooo
1104 3753 1182 3809 coryli
1197 3760 1267 3802 testas
1285 3763 1307 3803 et

253 3833 358 3893 flumina
378 3834 489 3892 nymphia
518 3833 592 3882 Ovid.
610 3836 663 3882 her.
684 3835 724 3894 10,
744 3835 793 3880 113
817 3832 862 3880 Vos
881 3848 971 3892 qaoque
989 3834 1094 3880 mardelco
1116 3837 1180 3882 ocuti
1195 3840 1305 3888 numiam-

260 3933 302 3977 qua
318 3918 407 3978 parati
431 3920 493 3965 Aen.
513 3921 536 3976 ὅ,
558 3923 604 3968 192
619 3919 721 3979 monneto
738 3934 801 3965 nuno
815 3920 916 3977 animoa,
935 3919 1019 3977 quibus
1036 3920 1062 3965 in
1075 3921 1184 3968 Gaetulia
1196 3924 1306 3982 spatam

259 4004 300 4049 oai
310 4003 424 4060 Ionioque
438 4004 504 4050 mord
521 4004 594 4052 Ovid.
613 4005 669 4052 last.
688 4006 711 4063 5,
730 4006 780 4051 465
799 4004 822 4049 ai
836 4004 957 4052 anamodo
970 4021 1027 4051 nera
1039 4006 1118 4053 loerai.
1144 4009 1209 4054 Addi
1224 4017 1307 4069 potest

260 4088 332 4148 Prop.
351 4087 395 4150 1v,
415 4091 437 4150 1,
457 4090 472 4138 ἦ
490 4104 563 4148 quove
576 4089 639 4149 pede
656 4089 775 4149 laquaci?
792 4104 890 4147 quanm
907 4090 998 4138 bahistia
1015 4091 1123 4149 nquam?
