2768 4710
523 312 738 376 -73›.-.v

109 481 225 546 debent
248 481 505 560 fundamentum,
528 501 589 564 quo
611 483 768 563 nitamur,
799 482 914 564 quibus
936 482 962 547 si
985 482 1158 547 desinimus

107 585 225 648 iustam
260 583 354 649 fidem
388 585 523 664 habere,
557 586 658 649 omnis
680 585 815 651 fluctuat
838 585 990 666 quaestio.
1035 584 1157 649 Deinde

107 687 251 767 potuitne
275 693 339 750 tam
363 705 458 768 saepe
481 693 529 753 est
549 687 649 752 forma
671 687 820 752 facillime
843 687 967 768 neglegi
984 692 1016 748 et
1040 685 1156 763 omitti,

107 789 135 853 si
157 788 259 869 plenis
282 789 400 853 litteris
422 795 493 854 erat
515 791 661 872 scripta?
683 790 726 853 Et
747 790 931 870 plerumque
945 787 1071 869 plenam
1094 785 1157 851 ior-

108 910 192 955 mam
220 892 372 972 scriptam
396 891 493 956 fuisse
515 891 635 957 videbit
658 892 802 972 quisquis
824 891 998 973 inspexerit
1021 906 1156 970 appara-

109 999 176 1057 tum
209 994 355 1058 criticum
385 1000 418 1058 et
448 995 680 1075 inscriptiones
724 995 803 1058 Tum
835 994 916 1057 alius
949 993 1032 1056 sicut
1053 991 1085 1055 in
1108 1009 1157 1055 se·

109 1097 212 1161 cunda
226 1096 399 1176 singularis
420 1113 556 1178 persona
579 1103 720 1162 remanet
742 1097 909 1176 scrupulus
932 1102 965 1158 et
986 1094 1013 1158 is
1029 1093 1156 1156 minime

109 1198 333 1278 neglegendus.
377 1198 405 1262 Ii
432 1198 491 1278 vqui
524 1198 584 1263 sibi
616 1205 843 1279 persuaserunt
873 1197 983 1262 deesse
1017 1193 1156 1272 verbum,

108 1298 151 1362 ibi
175 1304 325 1363 statuunt
355 1301 518 1378 excidisse,
549 1302 602 1366 ubi
632 1320 743 1367 versus
765 1300 912 1365 additum
934 1298 1085 1365 facillime
1108 1301 1156 1361 to-

109 1401 198 1467 lerat.
244 1402 306 1468 Sed
336 1403 368 1466 iu
400 1403 459 1467 hac
490 1421 614 1484 quoque
636 1422 770 1484 persona
792 1402 969 1466 videbimus
991 1401 1022 1463 in
1046 1417 1083 1462 eo
1106 1418 1156 1462 er-

111 1523 185 1568 rare
222 1505 306 1567 viros
339 1506 457 1571 doctos
511 1507 599 1584 Quae
631 1525 701 1572 cum
734 1507 780 1570 ita
817 1507 881 1569 sint
913 1524 933 1567 a
964 1503 1053 1568 libris
1084 1520 1157 1565 mss.
1201 1508 1205 1515 '

110 1604 343 1686 proficiscemur
373 1613 405 1672 et
433 1626 638 1689 quaeremus,
669 1628 742 1672 utrm
773 1607 900 1672 tolerari
930 1607 1031 1688 possit
1062 1604 1156 1668 omis-

110 1708 156 1772 sio
186 1708 275 1773 verbi
305 1710 497 1774 substantivi
520 1711 691 1775 secundum
713 1729 805 1774 usum
829 1708 1010 1773 Plautinum
1035 1706 1084 1770 vel
1107 1725 1155 1771 se-

111 1810 247 1875 cundum
282 1813 538 1878 consuetudinem
569 1815 721 1878 sermonis
751 1811 926 1895 familiaris.
977 1809 1018 1874 Et
1047 1809 1073 1872 si
1104 1828 1155 1873 ea-

112 1912 183 1976 dem
206 1914 388 1980 coudieione
421 1915 501 1980 aliae
533 1935 686 1997 personae
709 1914 795 1979 verbi
818 1913 1011 1979 substantivi
1032 1913 1156 1990 desunt,

111 2033 192 2096 quae
224 2033 325 2095 neque
356 2024 421 2082 tam
449 2017 542 2082 facile
574 2017 678 2082 omitti
707 2025 841 2099 possunt
869 2034 968 2096 neque
990 2014 1030 2078 ab
1053 2013 1155 2077 edito·

111 2117 199 2181 ribus
221 2117 430 2200 inducuntur,
462 2122 537 2200 quia
558 2138 668 2184 versus
690 2138 743 2184 eas
766 2138 825 2184 non
849 2117 1009 2196 admittit,
1039 2115 1155 2180 Plauto

110 2218 211 2284 invito
248 2238 307 2284 uon
339 2222 527 2286 donabimus
562 2226 608 2286 est
635 2220 777 2286 formam.
830 2221 930 2285 Nemo
969 2219 1051 2282 enim
1083 2236 1155 2283 eon-

110 2322 240 2386 tendere
272 2324 404 2388 audebit
434 2325 632 2389 omissionem
664 2329 711 2388 est
740 2323 861 2389 formae
895 2323 1053 2386 duriorem
1087 2338 1156 2385 esse

111 2441 204 2503 quam
227 2425 254 2489 si
276 2431 354 2491 sont
374 2427 561 2506 omittatur,
591 2425 640 2490 vel
671 2427 750 2490 adeo
772 2448 882 2492 samos
903 2446 973 2489 snm
995 2425 1070 2488 estis
1090 2420 1154 2486 for·

110 2545 177 2590 mas
198 2526 322 2593 facilius
356 2530 464 2594 deesse
487 2548 579 2610 posse
600 2546 695 2608 quam
718 2535 772 2594 est.
818 2529 850 2594 Si
880 2533 1046 2610 praeterea
1068 2525 1154 2590 vide-

111 2628 216 2693 bimus
247 2630 447 2711 Terentium,
478 2632 658 2697 Ciceronem
689 2631 767 2695 alios
797 2631 984 2712 scriptores,
1021 2617 1153 2710 quorum

112 2733 216 2812 poesis
240 2732 288 2796 vel
312 2732 430 2813 scripta
453 2734 593 2798 eiusdem
617 2733 741 2814 generis
764 2739 838 2798 sunt
860 2732 1021 2811 sermonis,
1044 2729 1155 2795 simili-

112 2833 171 2898 bus
201 2833 276 2899 locis
306 2835 453 2899 omittere
482 2842 543 2915 est,
574 2838 656 2901 uude
684 2841 752 2900 tum
780 2837 830 2900 ius
851 2853 1010 2899 sumemus
1041 2833 1156 2897 Plauto

112 2936 170 3001 soli
192 2937 226 3001 id
248 2938 448 3018 denegandi?
1013 3016 1015 3020 Ι

197 3040 302 3120 Atque
334 3040 385 3104 hic
415 3041 528 3105 iterum
552 3059 678 3105 monere
709 3040 798 3104 nobis
819 3039 914 3103 liceat
937 3057 1037 3120 neque
1059 3038 1154 3103 Plau-

111 3148 176 3204 tum
211 3159 311 3221 neque
342 3143 483 3222 linguam
506 3144 653 3207 Latinam
681 3142 712 3205 in
736 3141 796 3206 bac
826 3160 861 3205 re
883 3140 943 3205 sibi
966 3140 1155 3218 constitisse,

110 3249 142 3307 et
169 3244 239 3324 quis
268 3262 407 3324 uuquam
443 3249 581 3325 scriptor
611 3245 793 3309 libertatem
832 3243 957 3308 dicendi
988 3243 1057 3324 ipse
1087 3248 1153 3307 tam

109 3346 252 3426 angustis
281 3346 526 3429 circumscripsit
561 3346 699 3413 finibus?
736 3346 894 3426 Persaepe
923 3345 1058 3409 Plautus
1097 3347 1154 3409 ad-

110 3450 226 3513 ductus
256 3468 326 3514 esse
358 3450 500 3527 videtur,
531 3456 566 3514 ut
596 3450 758 3514 omitteret
786 3448 835 3512 vel
860 3455 992 3529 poneret
1013 3448 1154 3533 verbum,

111 3552 217 3616 studio
239 3569 349 3614 versus
372 3570 464 3632 quam
488 3552 719 3635 elegantissime
750 3551 922 3628 condendi,
952 3551 999 3615 ita
1028 3555 1063 3614 ut
1084 3568 1154 3613 ver-

110 3654 220 3718 borum
250 3659 398 3720 accentus
429 3674 500 3720 cum
531 3674 623 3720 versu
654 3656 861 3720 concinerent.
905 3654 948 3717 ln
975 3661 1011 3717 ut
1033 3653 1065 3716 id
1088 3653 1153 3734 pri-

110 3774 195 3821 mum
225 3756 375 3837 exemplis
405 3758 673 3838 demonstremus
695 3759 797 3822 itaet
818 3753 982 3821 itostfere
1004 3755 1073 3837 pari
1097 3774 1153 3819 nu-

111 3878 195 3924 mero
210 3863 379 3923 occurrunt
400 3865 434 3922 et
456 3860 610 3940 quomodo
626 3859 796 3940 Langeuus
817 3859 875 3924 bas
898 3859 978 3922 duas
1000 3856 1151 3921 formulas

111 3961 306 4040 distinxerit,
339 3970 446 4025 notum
471 3968 530 4024 est.
572 3960 672 4025 Nobis
694 3961 744 4026 bic
767 3960 1072 4026 commemorandum
1095 3964 1152 4036 est,

110 4063 137 4126 si
167 4063 286 4128 dictum
318 4064 358 4129 ab
389 4062 489 4128 altero
511 4060 727 4142 confirmetur,
759 4068 804 4127 est
833 4071 866 4129 et
894 4063 968 4145 poni
997 4079 1089 4142 posse
1119 4065 1152 4123 et
