2768 4710
497 310 767 412 *33’'‚

165 481 249 546 mole
262 482 445 565 moriperus.
467 482 550 547 mole
569 483 656 564 focis
670 482 762 561 mitti,
786 504 877 564 quom
896 485 1033 549 sermoni
1055 484 1129 550 truie

83 584 227 649 obsonos.

167 686 319 751 Ahabet:
337 687 422 753 Ture
435 688 522 768 Quis
535 693 589 753 est.
607 688 697 752 Male
710 689 796 770 foor's
806 689 892 766 miii,
908 711 989 771 qoo;
1002 691 1039 757 R.
1063 689 1133 755 Vei

80 788 165 853 mole
186 791 372 874 moriperu’s
386 789 505 855 frustra
521 791 660 872 scripsit,
683 810 754 855 narn
769 790 821 855 hio
837 789 1025 857 haberemus
1040 793 1134 870 idem,

83 891 170 972 quod
191 890 258 955 Mil.
281 911 310 957 v.
333 893 396 957 984
418 893 488 971 voi,
512 894 676 958 detiemos.
719 891 756 955 In
780 892 897 956 veteris
912 899 1018 957 autern
1035 893 1135 973 scrip-

82 996 159 1056 tura
195 994 278 1058 mole
310 996 485 1077 moriperus
513 994 611 1059 verba
641 994 758 1059 nimine
789 1014 808 1057 a
844 998 913 1059 tuoe
947 995 1136 1075 imperativo

83 1094 314 1177 disiunguntur
343 1096 510 1163 interiecta
532 1095 778 1178 interrogatione
801 1097 960 1178 quidest,
992 1116 1063 1161 narn
1086 1097 1138 1163 hio

80 1196 235 1262 habemus
257 1199 398 1263 homines
420 1199 633 1279 colloquentes
656 1199 739 1261 inter
761 1216 804 1262 se.

170 1299 263 1365 Truo.
280 1321 310 1367 v.
326 1302 389 1366 912
410 1302 498 1365 mitte
512 1322 569 1378 me,
591 1302 734 1383 inquom,
758 1301 885 1365 odiosus
899 1299 1031 1365 Schoeli.
1055 1293 1136 1391 su’s'

170 1400 236 1466 Mil.
260 1422 289 1467 v.
315 1403 396 1467 1409
417 1403 572 1485 Loquere,
603 1403 746 1467 poprium
768 1402 862 1466 nihili
882 1404 1009 1485 foetos;

169 1505 254 1584 quod
277 1505 315 1570 R.
337 1506 467 1586 scripsit
494 1506 570 1570 dum
599 1525 665 1568 nore
688 1504 784 1569 nihili
803 1505 923 1586 foetu's
948 1506 1034 1569 haud
1057 1524 1137 1587 opus

82 1610 153 1684 est3
176 1614 209 1669 ot
231 1626 269 1672 no
292 1607 338 1673 sic
360 1608 486 1689 quidem
507 1608 625 1688 footo’s
647 1605 806 1672 scribatur
828 1623 955 1670 necesse
978 1608 1028 1672 sit.
1074 1607 1135 1671 Ne-

82 1726 145 1789 que
167 1708 304 1774 ulienum
327 1714 377 1776 est
400 1728 646 1775 commemorare
668 1709 758 1774 Coeo.
781 1710 862 1776 Stet.
886 1708 946 1790 irg.
969 1709 1027 1773 34:

168 1809 244 1875 Iam
264 1834 312 1877 me
327 1814 407 1877 odeo
428 1818 549 1891 monto,
572 1814 638 1877 ium
660 1812 716 1876 hoo
731 1813 812 1890 uide,
837 1832 970 1891 caeros,·
993 1813 1136 1877 animum

83 1913 242 1978 aduentus
264 1917 362 1999 erepit.
407 1916 498 1981 Ribb.
520 1913 615 1979 falso:
644 1915 734 1978 vide:
757 1915 887 1992 soeriis,
911 1933 983 1977 narn
1007 1935 1040 1978 es
1062 1933 1132 1978 ver·

83 2013 160 2080 burn
177 2033 278 2095 neque
294 2017 354 2094 hoo
377 2017 445 2082 loco
459 2035 561 2098 neque
576 2016 640 2081 illis
656 2015 872 2097 superioribus
888 2015 1133 2081 desiderandum

82 2122 188 2181 estet
210 2120 418 2184 removendus
439 2118 550 2198 procul
573 2117 627 2183 ille
649 2117 794 2182 circulus.

168 2218 260 2283 Nunc
288 2226 485 2286 transeamus
517 2221 559 2285 ad
588 2219 755 2284 enuntiata
786 2220 994 2285 subordinate
1025 2225 1058 2283 et
1087 2221 1134 2284 in-

85 2320 242 2401 cipiamus
264 2341 283 2386 a
305 2322 465 2387 relativis:

170 2422 253 2488 Men.
276 2443 305 2488 v,
321 2424 400 2489 291:
424 2425 512 2489 Nem
523 2426 666 2507 equidem
680 2425 831 2489 insenum
843 2445 908 2488 esse
921 2428 950 2488 te
965 2429 1049 2489 certo
1060 2427 1135 2503 seio,

172 2525 235 2606 Qui
255 2528 333 2592 mihi
353 2528 501 2594 molestos
523 2529 641 2593 homini
662 2528 768 2610 ippoto
790 2527 935 2608 quisquis
957 2548 997 2591 es.

171 2627 233 2693 Vix
264 2631 429 2712 quisquam
462 2631 515 2696 hic
543 2630 639 2694 verba
661 2628 857 2694 coniunxerit
886 2628 946 2692 sio:
981 2631 1037 2711 qui
1058 2631 1135 2694 mihi

83 2691 232 2795 moleiras
253 2752 285 2795 es
308 2733 461 2814 quisquis,
484 2734 539 2800 sed
568 2733 673 2812 potius
695 2733 780 2813 apud
803 2732 952 2796 molestos
973 2731 1135 2796 omittitur

85 2852 136 2910 es;
158 2849 252 2911 quarn
275 2834 314 2900 ob
337 2854 403 2900 rem
427 2836 459 2916 ii,
481 2836 534 2916 qui
558 2834 663 2899 omitti
687 2852 745 2897 non
769 2850 861 2913 posse
884 2834 944 2899 sibi
967 2852 1134 2916 persuaso·

85 2934 168 3013 rint,
198 2935 342 3000 scribunt
362 2939 528 3002 molesto's.
572 2935 651 3000 Mihi
682 2935 810 3015 quidem
833 2935 891 2999 hoo
913 2955 1013 3016 genus
1036 2955 1134 3001 suun-

85 3033 237 3099 tiotorum
261 3056 320 3102 non
343 3040 390 3104 ita
412 3040 572 3104 diversum
601 3056 670 3102 esse
692 3036 840 3101 videatur
861 3037 901 3101 ab
924 3037 979 3101 illo
1001 3043 1037 3102 tre
1057 3039 1135 3102 miii

85 3137 234 3201 molestos
256 3139 311 3204 ubi
324 3145 409 3206 certe
432 3162 464 3205 es
486 3141 654 3215 omittitur,
677 3157 750 3203 narn
773 3140 829 3221 qui
850 3138 901 3202 hic
923 3146 973 3202 est
989 3146 1133 3203 nostrum

86 3238 148 3301 der·
165 3239 218 3303 do.
262 3241 305 3305 Et
326 3243 398 3307 vide
421 3242 615 3324 quothuius
637 3240 761 3323 generis
783 3245 910 3305 exstent
931 3241 1091 3320 exempla:

172 3340 239 3405 Mil.
261 3362 290 3407 v.
314 3345 376 3408 825
406 3345 480 3409 Eho
501 3350 536 3410 tre
558 3345 693 3421 sceleste,
716 3344 771 3424 qui
793 3343 842 3408 iiii
863 3362 1045 3422 soprornres,
1070 3343 1134 3407 eieo.

171 3442 254 3507 Meu.
277 3464 305 3509 u.
328 3445 391 3510 922
426 3447 477 3510 Tre
504 3448 591 3525 istie,
624 3447 679 3529 qui
706 3446 783 3510 mihi
804 3444 915 3508 Etiam
943 3465 992 3508 me
1013 3445 1133 3509 inpetis

86 3545 253 3629 praeripis
273 3548 442 3614 minitatus
456 3555 669 3631 prosternere.

171 3647 238 3711 Mil.
261 3667 289 3713 ν.
311 3650 375 3715 472
396 3651 523 3732 Edepol
542 3673 583 3716 ree
605 3656 640 3716 to
658 3650 714 3715 tibi
728 3651 847 3715 molum
863 3671 929 3714 rem
950 3649 1131 3730 repperisti,

171 3783 211 3795 -
237 3750 323 3831 Quid
338 3754 430 3818 torn?
452 3774 474 3818 ::
498 3756 554 3836 poi
575 3756 659 3818 horre
676 3753 832 3837 ottiupere
854 3773 956 3816 ausos
970 3752 1133 3816 mutierem

173 3850 227 3916 ubi
250 3855 336 3932 apud
359 3877 458 3920 ersus
479 3855 654 3937 perfectum
670 3856 780 3919 deesse
802 3875 834 3918 es
850 3853 981 3919 verbum
1004 3853 1133 3918 minime

85 3951 240 4016 miremur
253 3957 292 4032 ¹).

156 4093 180 4158 ι)
199 4092 273 4141 ovis,
292 4095 366 4143 rust.
384 4096 416 4154 v,
434 4098 458 4155 4,
479 4097 510 4142 ns
528 4104 549 4143 o
568 4098 610 4156 qur
626 4096 749 4144 emtas,
770 4094 875 4142 onem.

911 4185 928 4240 3
