2790 4988
676 308 888 375 -73-

251 485 358 545 autem
379 484 410 544 et
424 479 583 561 particule
598 480 709 546 modus
724 480 867 545 finitivus
882 481 1077 561 adiungitur,
1099 480 1177 546 nibil
1198 479 1306 556 refert,

253 600 325 644 nem
341 581 512 646 habuimus
535 582 610 646 bene
625 582 728 647 barole
741 583 866 664 foetum
881 588 911 647 et
924 583 1020 665 volup
1035 589 1084 649 esi
1103 589 1136 648 et
1153 582 1191 649 oi.
1207 603 1237 665 p.
1254 585 1304 649 62.

339 683 383 748 Ut
405 701 488 747 nuno
519 684 560 748 ad
584 683 672 748 aliud
703 703 802 766 genus
824 684 1004 750 omissionis
1026 689 1242 765 transeamus,
1273 686 1304 748 in

129 837 132 844 .
251 785 554 867 interrogationibus
571 787 635 850 iam
654 786 781 851 Brixius
804 792 914 851 contre
930 786 1140 852 Ritsobelium
1160 789 1304 852 omissio-

252 905 322 950 nem
351 888 482 952 admisit
511 888 561 953 his
587 887 680 953 locis:
715 888 781 952 Mil.
804 908 832 952 v.
853 888 915 952 307
947 890 1027 970 quid
1051 890 1148 970 peius
1172 890 1305 954 muliere

252 994 347 1071 atque
362 990 547 1055 audacius?
570 989 621 1071 (R
637 991 764 1073 peiost)
786 989 901 1071 Amph.
924 1009 953 1054 v.
970 990 1033 1055 318
1054 992 1134 1073 quid
1150 992 1227 1056 illoc
1245 993 1304 1056 im-

245 1093 390 1173 pudente
408 1092 592 1157 audacius?
636 1092 679 1156 Et
698 1091 858 1173 permulta
879 1093 1033 1157 eiusmodi
1052 1093 1197 1175 exempla
1219 1094 1304 1159 inve-

254 1194 384 1258 niuntur
415 1195 446 1259 in
477 1195 637 1260 Ciceronis
667 1196 828 1275 epistulis:
862 1195 903 1259 ad
926 1194 1033 1271 Quint.
1056 1196 1099 1276 ΙΙ,
1121 1197 1191 1274 8,1
1223 1198 1302 1278 quid

251 1299 335 1361 enim
348 1297 426 1361 mibi
440 1296 597 1361 suavius?
619 1297 662 1360 ad
680 1296 753 1360 fem.
770 1297 825 1374 IX,
841 1297 892 1378 21,
911 1298 932 1361 3
954 1299 1033 1380 quid
1049 1299 1098 1363 bis
1112 1299 1304 1381 improbius?

251 1400 290 1479 X,
312 1401 364 1480 25,
388 1401 423 1477 2;
447 1400 488 1463 ad
505 1400 578 1489 'Ate
598 1399 665 1478 XV,
688 1400 741 1479 29,
765 1402 779 1462 1
806 1400 885 1482 quid
902 1402 985 1464 enirn
999 1400 1078 1465 mihi
1094 1402 1172 1466 meis
1187 1403 1303 1467 iuono-

251 1502 350 1566 dius?
372 1503 412 1565 ad
436 1501 504 1565 Att.
527 1500 614 1580 VIII,
637 1502 666 1581 2,
689 1503 709 1566 3
732 1502 789 1567 boo
809 1504 967 1581 miserius,
990 1503 1046 1567 boo
1069 1505 1197 1585 turpius
1215 1506 1303 1586 quio·

251 1604 372 1686 quom?
415 1604 470 1682 IX,
496 1604 545 1682 14,
568 1604 605 1682 2;
628 1604 712 1683 XVI,
734 1607 814 1684 1‚1;
837 1605 892 1683 IV,
912 1605 941 1684 6,
963 1609 993 1684 13
1016 1605 1086 1683 XII,
1108 1605 1159 1684 30,
1184 1608 1200 1672 1
1225 1608 1305 1688 quid

250 1706 328 1771 mibi
348 1707 525 1772 inobodius
548 1727 653 1788 quam,
677 1727 748 1772 omo
770 1712 830 1772 aut
849 1706 986 1773 seribere
1008 1708 1054 1772 od
1075 1711 1104 1771 te
1125 1745 1177 1773 —.
1217 1755 1223 1763 .

336 1808 453 1874 Eodem
474 1809 600 1873 rettulit
617 1809 745 1874 Brixius
761 1809 833 1875 illos
851 1827 971 1890 versus,
994 1809 1109 1889 quibus
1130 1811 1213 1875 nibil
1229 1829 1300 1875 oum

249 1912 466 1992 comparativo
495 1912 710 1991 coniungitur:
744 1913 839 1976 Most.
866 1931 894 1976 v,
919 1913 981 1976 279
1010 1912 1178 1978 sibillae
1208 1913 1302 1977 doeio

248 2016 371 2079 doctius
394 2013 445 2095 (R
467 2015 623 2094 dootiust)
657 2016 740 2079 Men.
763 2032 791 2077 v,
809 2014 872 2078 266
897 2015 979 2079 nibil
1000 2014 1056 2079 boo
1079 2015 1302 2097 confidentius5

249 2118 305 2199 qui
320 2137 402 2198 quae
419 2118 506 2182 uidet
522 2139 560 2181 eo
578 2122 737 2201 periebat
766 2117 849 2180 Men.
873 2138 901 2183 v.
920 2117 983 2182 622
1001 2118 1084 2183 nibil
1104 2119 1160 2182 boo
1178 2119 1302 2182 bomine

249 2220 417 2285 audacius.
462 2220 503 2283 m
525 2220 673 2299 quoniam
697 2218 857 2284 invenitur
880 2222 978 2285 Andr.
1001 2239 1030 2285 v,
1045 2221 1107 2287 431
1134 2220 1196 2310 tnii
1215 2220 1300 2302 faoi·

252 2315 338 2400 lius’,
362 2342 432 2387 cum
455 2323 607 2387 Bembino
629 2321 828 2411 scribendum
852 2341 922 2388 esse
945 2341 1073 2388 censeo:

335 2425 425 2490 Adel.
443 2444 470 2488 v.
489 2425 530 2488 98
551 2424 701 2515 tHomine
716 2426 862 2506 impe-rito
878 2426 1233 2507 numquamnumquam
1249 2426 1301 2489 io-

249 2529 376 2605 iustius
411 2528 474 2608 Qui
495 2528 569 2604 bisi,
593 2528 677 2608 quod
697 2529 766 2608 ipse
786 2527 873 2608 feeit,
894 2528 977 2592 nibil
991 2533 1113 2592 reolum
1129 2519 1240 2608 potoi'
1259 2563 1301 2571 -

250 2631 379 2693 minime
394 2647 468 2693 vero
487 2647 558 2693 oum
574 2629 688 2693 ceteris
703 2631 872 2694 iniustiust
890 2631 975 2709 quod
992 2635 1180 2709 receperunt
1194 2629 1301 2695 Fleok.

250 2739 283 2796 et
305 2729 408 2812 Umpi.
431 2731 602 2795 Praeterea
627 2733 826 2796 consentiunt
846 2731 919 2796 libri
949 2750 1028 2797 mss:
1061 2733 1140 2795 Eun.
1163 2752 1191 2796 v.
1207 2731 1250 2795 50
1272 2733 1302 2796 si

250 2835 376 2915 quidem
397 2833 499 2897 hercle
516 2834 632 2915 possis,
654 2833 703 2896 nil
719 2835 817 2915 prius
838 2855 939 2916 oeque
959 2835 1087 2916 fortius.

336 2937 431 3016 Apud
456 2933 636 2999 Ciceronem
666 2953 790 3016 quoque
819 2936 1022 3001 inveniuntur
1050 2937 1224 3017 permulta:
1255 2937 1298 3000 ed

250 3042 315 3104 Ait.
338 3039 375 3115 V,
400 3037 449 3115 15,
474 3040 489 3102 1
513 3038 595 3102 nibil
616 3039 797 3119 exoptatius
819 3040 960 3102 aduentu
974 3059 1050 3116 meo,
1071 3040 1154 3104 nibil
1171 3041 1299 3117 corium·

247 3163 283 3204 re
293 3140 427 3221 publiea
442 3139 524 3205 nibil
539 3141 748 3220 desperatione,
764 3141 806 3204 iis
820 3161 954 3221 quorum
971 3161 1068 3223 opero
1082 3142 1164 3207 nibil
1177 3143 1299 3205 maiore

250 3243 320 3306 odio
328 3265 339 3321 ,·
362 3243 417 3322 IV,
440 3242 488 3322 8²,
511 3243 547 3319 2;
570 3241 655 3322 XVI,
678 3243 708 3320 3,
730 3243 750 3306 2
774 3243 840 3306 odii
857 3245 941 3307 enim
960 3245 1160 3324 prouinciam
1181 3248 1212 3308 et
1226 3243 1298 3306 ber-

251 3345 320 3408 oule
341 3344 423 3408 nibil
439 3345 578 3408 odiosius
601 3347 806 3425 (quemquem
822 3345 874 3408 bio
889 3365 1014 3427 quoque
1029 3346 1141 3410 modus
1155 3344 1297 3409 finitivus

248 3465 306 3527 per
322 3451 352 3510 et
366 3446 580 3527 adiungitur);
603 3447 644 3509 ed
661 3444 734 3508 iam.
750 3445 808 3523 ΙΙΙ,
822 3448 899 3526 2,2;
921 3449 978 3527 ΙΙΙ,
989 3448 1020 3526 4,
1033 3450 1067 3527 1;
1085 3449 1140 3528 XI,
1158 3446 1207 3528 15,
1225 3449 1241 3512 1
1255 3447 1296 3530 ¹).

336 3549 423 3626 Quae
446 3566 517 3612 oum
540 3549 586 3612 its
608 3549 672 3612 sint
694 3548 800 3628 potuit
818 3547 968 3631 Geppert.
992 3551 1128 3616 scribere
1160 3549 1230 3615 (las.
1253 3550 1295 3626 ΙΙ,

251 3652 340 3731 1,11
374 3655 403 3715 te
425 3651 550 3715 demum
577 3649 702 3714 bollum
729 3652 843 3715 scitum
872 3655 999 3733 soib'us,
1029 3653 1083 3718 ubi
1113 3652 1186 3716 libri
1213 3651 1294 3716 falso

249 3757 399 3834 repetunt
432 3770 469 3815 ex
489 3752 532 3832 Π,
557 3753 625 3830 1,8
654 3753 753 3816 soiius
782 3774 824 3832 es,
853 3760 886 3819 et
913 3755 980 3819 sine
1001 3755 1067 3820 ulls
1095 3753 1294 3820 dubitatione

248 3856 310 3921 huo
331 3855 431 3919 addo:
463 3854 529 3917 Mil.
552 3855 682 3919 v.1117
705 3857 783 3936 quid
799 3858 911 3936 potios
935 3879 1031 3939 quom
1049 3862 1086 3922 ut
1103 3861 1168 3921 tute
1184 3858 1292 3934 adeas,

319 4009 343 4078 1)
362 4014 442 4070 Atque
460 4009 521 4056 odeo
539 4011 614 4069 Prop.
632 4010 664 4068 ΙΙ,
683 4013 707 4068 9,
727 4013 759 4057 34
784 4018 805 4057 te
826 4012 887 4058 oribe]
908 4013 934 4058 in
951 4014 1001 4059 orta
1024 4013 1092 4059 nobis
1113 4013 1232 4072 acceptius
1250 4027 1292 4057 un-

248 4111 319 4156 quom
