2768 4710
585 344 796 409 ..51-

166 512 263 580 simul
285 514 543 595 commemoravit
564 533 666 596 noque
686 515 767 580 satis
790 516 953 595 disiunxit,
986 519 1024 579 ut
1044 514 1122 580 mihi
1145 519 1214 580 tum

165 617 315 683 videatur
336 618 474 682 nondum
497 621 563 681 tam
584 614 677 681 firma
692 618 849 683 sententia
872 618 911 682 de
933 638 987 682 -us
1009 623 1042 683 et
1063 638 1096 682 es
1117 617 1214 699 sylla-

166 718 281 785 barum
304 718 472 784 coalitione
493 737 571 785 usus
594 738 664 785 esse
685 739 780 802 quam
803 725 917 802 postea
937 721 967 785 ei
988 720 1153 786 succrevit.

254 822 368 886 Restat
390 821 455 887 Mil.
478 841 506 886 1.
529 822 592 887 408
624 821 677 887 Ne
707 827 743 887 tu
775 823 885 906 edepol
905 823 1043 888 stultitia
1072 827 1129 887 tua
1158 841 1216 886 uos
1271 841 1275 851 ·

163 944 273 1009 paene
289 924 465 1006 perdidisti

253 1020 387 1092 Dam'te
399 1027 524 1109 fidelem
543 1027 652 1109 facere
667 1048 720 1092 ero
740 1028 877 1106 uoluisti,
899 1027 1084 1108 absumptus
1099 1047 1216 1108 poene,

253 1128 306 1194 hic
335 1148 461 1212 quoque
481 1130 517 1194 R.
549 1130 687 1211 primum
718 1130 853 1195 adnotat
885 1129 1002 1212 Guyoti
1029 1128 1216 1195 lectionem:

168 1231 370 1313 absumptus,
404 1249 475 1297 cum
497 1230 571 1296 libri
592 1232 732 1297 habeant
760 1232 946 1315 obsorptus
967 1253 1016 1312 es,
1048 1232 1110 1297 nisi
1132 1231 1217 1314 quod
1296 1279 1299 1285 ·

167 1334 268 1400 Bses
289 1352 307 1399 1
329 1341 520 1399 correctura.
564 1335 671 1399 Etiam
701 1334 853 1400 hocloco
876 1355 908 1400 es
937 1332 1019 1399 falso
1042 1332 1216 1415 interpola-

168 1441 238 1504 tum
260 1441 324 1516 est,
356 1437 441 1517 quod
463 1438 574 1502 deesse
594 1456 689 1519 posse
711 1436 802 1503 nobis
828 1439 1047 1504 demonstrare
1068 1436 1133 1501 iam
1154 1454 1217 1501 non

169 1558 251 1622 opus
274 1544 332 1604 ost.

254 1640 346 1706 Nunc
367 1659 404 1705 eo
426 1641 637 1722 pervenimus,
668 1647 706 1708 111
727 1643 884 1709 rationem
905 1642 1081 1708 subducere
1103 1642 1217 1707 debea-

168 1761 249 1810 mus
294 1742 376 1807 Sunt
406 1743 506 1824 igitur
535 1744 600 1809 tria
631 1744 680 1809 vel
708 1750 861 1828 quattuor
882 1744 1027 1826 exempla
1048 1743 1163 1826 quibus
1186 1765 1219 1810 es

170 1852 245 1928 post
267 1867 321 1910 -us
351 1845 399 1909 ita
427 1846 584 1927 traditur,
616 1853 653 1912 ut
683 1867 703 1912 a
731 1866 826 1913 versu
855 1847 986 1913 tolerari
1015 1866 1078 1935 non
1105 1849 1218 1928 possit,

170 1967 245 2013 nam
268 1968 301 2012 es
322 1946 447 2029 syllaba
470 1953 519 2013 est
540 1947 653 2031 longa,
676 1951 802 2032 gravis,
824 1950 920 2033 plena
941 1955 983 2031 et,
1006 1969 1100 2033 quam
1122 1968 1219 2031 saepe

171 2049 247 2115 talis
270 2050 429 2130 trudatur,
451 2051 525 2115 vide
545 2071 576 2134 p.
600 2052 650 2117 43.
693 2053 744 2116 Ex
765 2051 829 2118 illis
852 2057 959 2118 autem
980 2053 1148 2135 perpaucis
1169 2051 1216 2116 lo-

171 2153 217 2218 cis
239 2189 280 2197 —
303 2151 343 2216 ab
365 2153 416 2217 his
439 2153 521 2217 enim
543 2154 605 2218 viri
627 2155 724 2236 docti,
748 2153 859 2220 sinon
881 2154 1015 2236 profecti
1037 2158 1121 2235 sunt,
1144 2173 1218 2236 pro·

170 2252 270 2320 ficisci
292 2254 471 2321 debuerunt
492 2274 594 2338 neque
614 2275 690 2321 uero
712 2277 732 2321 a
752 2255 836 2322 falsa
850 2258 1017 2337 sententia,
1039 2276 1103 2339 qua
1124 2264 1220 2338 puta-

171 2362 298 2424 rentes
327 2377 505 2440 nunquam,
535 2376 691 2442 nusquam
720 2360 753 2423 in
781 2359 892 2441 lingua
921 2359 1038 2424 Latina
1069 2362 1221 2426 omissum

172 2478 243 2526 esse
264 2496 305 2505 -
328 2460 552 2526 concluserunt
573 2462 634 2526 viri
663 2462 751 2526 docti
784 2460 961 2527 coalescere
990 2481 1085 2544 posse
1112 2484 1166 2529 -us
1188 2468 1221 2529 et

173 2584 206 2628 es
226 2564 259 2629 in
281 2582 377 2628 unam
399 2563 570 2645 syllabam,
601 2564 686 2645 quod
708 2563 835 2629 minime
857 2564 1043 2646 verisimile,
1066 2565 1152 2648 quod
1173 2567 1220 2631 in·

173 2666 320 2731 auditum
342 2671 407 2746 cst,
437 2667 523 2748 quod
544 2671 582 2730 ut
604 2666 787 2746 credamus,
821 2667 963 2731 convinci
985 2667 1136 2733 debemus
1164 2665 1219 2732 fir·

173 2768 324 2832 missimis
354 2769 558 2850 argumentis.
609 2769 653 2833 Et
681 2769 768 2850 quod
795 2768 944 2834 Ribbeck.
979 2771 1012 2834 111
1042 2769 1220 2850 Vergilium

173 2887 299 2952 quoquo
329 2869 416 2935 hanc
440 2871 666 2952 synaloepham
698 2871 825 2935 induxit
855 2877 888 2936 et
908 2871 1023 2953 Bergk.
1047 2872 1080 2936 in
1103 2871 1222 2938 Catulli

174 2972 472 3054 hendecasyllabum
494 2973 546 3052 23,
568 2974 608 3039 27
634 2977 757 3037 1111111111
772 2973 900 3038 desine:
921 2975 988 3038 iam
1009 2975 1089 3039 sotis
1103 2973 1222 3040 beota’s

174 3073 225 3140 111
246 3073 302 3139 alii
323 3075 355 3138 in
376 3073 557 3154 Horatium,
579 3075 614 3138 id
634 3079 763 3157 praeter
784 3073 843 3139 hos
865 3075 953 3156 ipsos
975 3094 1069 3141 nemo·
1089 3076 1221 3159 accepit.

175 3176 238 3242 Sed
258 3178 291 3242 in
319 3178 409 3258 poesi
440 3177 565 3241 scenica
584 3176 664 3241 haec
686 3178 749 3240 -a’s
769 3175 872 3242 forma
893 3177 1034 3242 virorum
1063 3180 1222 3245 sententia

175 3281 340 3345 doctorum
362 3281 409 3344 ita
431 3284 606 3361 grassatur,
638 3285 675 3342 nt
697 3279 860 3344 ducenties
883 3280 1074 3345 admittatur
1095 3281 1144 3346 111
1166 3299 1222 3363 po

175 3382 239 3447 tius
262 3381 440 3446 inducatur.
484 3381 602 3446 Verum
624 3398 707 3445 nunc
728 3386 804 3445 sunt
825 3382 923 3447 ceteri
944 3381 1020 3464 loci,
1053 3383 1167 3467 quibus
1190 3404 1222 3449 es

174 3503 237 3548 non
259 3484 399 3548 traditur
428 3489 460 3548 11
489 3482 603 3566 quibus
625 3483 719 3563 plena
746 3483 871 3564 syllaba
892 3490 949 3548 aut
971 3485 1065 3552 debet
1086 3491 1144 3551 aut
1165 3506 1222 3567 po-

175 3590 241 3651 test
263 3604 332 3651 esse
347 3591 379 3653 11
400 3584 515 3668 quibus
530 3590 617 3651 certo
639 3585 868 3666 interpolatum
884 3591 943 3666 est,
965 3606 1074 3653 omnes
1095 3586 1223 3653 liberati

176 3687 231 3753 illo
255 3688 390 3767 circulo;
412 3708 486 3752 uam
503 3688 667 3753 docuimus
683 3688 811 3752 minime
831 3686 898 3753 fere
913 3680 1077 3756 ducenties
1098 3690 1223 3755 incuria

175 3788 377 3856 librariorum
410 3811 441 3856 es
470 3790 622 3855 omissum
650 3808 720 3855 esso
753 3789 797 3872 (p.
820 3790 855 3872 3)
878 3791 935 3855 sed
962 3810 982 3855 a
1012 3793 1115 3875 poetis
1143 3793 1223 3874 ipsis

175 3911 239 3958 non
260 3894 415 3974 scriptum
430 3898 561 3974 propter
576 3911 669 3957 usum
685 3891 839 3956 sermonis
860 3891 1043 3959 familiaris:
1066 3894 1102 3959 ci.
1126 3896 1223 3960 otiam

176 4014 207 4077 p.
230 3995 259 4059 5.
302 3996 438 4060 Restant
466 4000 532 4060 tres
561 3995 612 4061 111
641 4000 781 4077 quatuor
812 3994 884 4076 loci,
913 4001 1010 4061 —et
1039 3995 1130 4061 nobis
1159 3997 1223 4062 iam

176 4096 420 4179 disceptandum
442 4104 506 4180 est,
535 4102 643 4163 utrum
672 4097 793 4162 inducti
815 4097 866 4162 his
887 4098 1057 4182 perpaucis
1079 4098 1225 4165 versibus

967 4197 1014 4262 4*
