2768 4710
581 312 794 377 „15-

163 504 241 546 aaut
264 483 387 548 obsecro
408 503 484 546 aare
507 483 638 559 ariolus,
669 484 724 563 pai
744 484 836 562 ipsus
857 503 890 546 se
910 482 1078 546 verberat?
1114 482 1213 548 Stich.

165 604 193 648 v.
216 584 278 650 769
311 587 374 666 Qui
395 585 528 650 Ionicus
550 588 608 648 aot
630 584 829 662 cinaedieas,
861 586 917 666 qai
938 584 994 649 boc
1016 585 1079 649 iaie
1107 587 1216 668 faeere

162 688 275 768 possit.
300 687 347 752 De
369 686 441 751 aliis
463 686 526 751 olio
549 686 615 749 loco
637 704 777 766 agemus.

250 788 341 854 Nunc
374 806 547 870 pergamus
587 789 629 852 ad
658 807 704 871 ea,
736 789 896 870 exempla,
934 789 1049 869 quibus
1078 796 1214 870 apparet

168 891 253 969 apud
270 891 413 971 perfecta
436 890 602 956 verborum
618 891 842 972 deponentium
863 890 968 955 omitti
983 891 1115 956 verbum
1139 891 1212 956 sub-

166 993 350 1056 stantivum.
394 996 500 1074 Atque
522 992 583 1057 etsi
606 1011 644 1056 ea
667 998 905 1073 anteponemus,
927 992 982 1058 ubi
1005 993 1212 1084 interrogatio

169 1099 227 1170 ost,
251 1100 355 1158 tamen
380 1095 476 1158 ctiam
499 1094 563 1159 alia
585 1095 723 1159 inserere
746 1095 847 1161 coacti
869 1097 1001 1161 erimus:

255 1195 332 1260 Cas:
356 1215 384 1261 ν.
411 1198 470 1260 143
499 1197 554 1262 aot
574 1197 692 1278 fuisti?
724 1196 779 1260 abi
801 1197 981 1262 tesaurus?
1003 1198 1058 1262 ubi
1079 1198 1213 1263 vidisti?

165 1298 249 1377 quod
271 1299 449 1380 exemplum
471 1318 565 1381 quarn
588 1299 723 1364 maxime
745 1298 927 1365 defenditur
948 1318 1056 1364 versu:

250 1400 363 1466 Pseud.
394 1402 456 1466 619
488 1401 543 1466 ubi
573 1407 608 1466 ia
628 1423 677 1466 rae
705 1403 821 1466 novisti
847 1403 989 1485 peritiam
1020 1408 1079 1466 out
1105 1404 1215 1467 uidisti

165 1508 225 1566 aut
247 1505 455 1570 conlocatos?

165 1604 216 1668 hic
233 1613 338 1671 autem
362 1608 459 1686 locus,
482 1608 541 1672 nisi
555 1625 612 1688 per
634 1625 667 1670 se
689 1608 753 1671 iam
768 1608 848 1673 satis
871 1606 1059 1673 defendatur
1082 1611 1117 1670 iu
1138 1625 1212 1688 pro·

166 1709 305 1788 nomine,
337 1729 397 1773 non
426 1728 487 1774 uno
510 1710 572 1774 alio
602 1729 696 1775 versu
725 1711 760 1775 id
790 1710 894 1791 ipsum
924 1709 1048 1775 iocatus
1081 1708 1210 1773 verbum

167 1810 340 1889 praebente
363 1811 560 1878 defenditur:

251 1913 347 1979 Mich.
378 1935 407 1979 v.
430 1915 493 1979 372
521 1914 605 1979 Hem
634 1916 736 1997 qaid?
778 1915 995 1999 Epipaomum
1025 1913 1212 1980 eeioeutas?

164 2015 329 2080 Accedunt
351 2035 389 2081 ex
411 2017 550 2081 Terentii
572 2015 705 2082 fabulis:

251 2118 377 2183 Phorm.
400 2138 429 2183 v.
452 2119 515 2183 798
548 2118 634 2199 Quid
656 2119 714 2183 ta?
747 2120 861 2201 ecquid
883 2119 1006 2184 iocatus
1029 2139 1099 2184 earo
1120 2120 1213 2198 istoc,

167 2239 263 2299 quam
286 2219 409 2285 obrem
431 2222 515 2286 heac
537 2221 705 2286 ducimus?

251 2321 296 2386 sic
326 2341 452 2388 versum
483 2323 615 2404 praebet
644 2323 831 2403 Bembinus‚
865 2323 956 2389 cuius
988 2323 1212 2388 auctoritatem

165 2442 235 2488 cum
252 2424 504 2506 Umpienhachio
519 2444 644 2508 sequor,
668 2425 737 2510 (qui
761 2431 866 2490 tamen
881 2424 962 2490 falso
986 2426 1118 2502 iocatu's
1141 2442 1214 2488 con-

165 2531 217 2589 tra
239 2527 377 2592 codicem
401 2527 544 2611 scribit):
568 2527 671 2592 Benti.
694 2534 801 2592 autern
825 2536 858 2594 et
881 2528 1033 2593 Fleckeis.
1078 2546 1214 2608 sequun-

165 2634 219 2690 tur
241 2629 378 2710 reliquos
400 2630 534 2710 audineo,
566 2630 620 2711 qui
641 2631 812 2711 praebent:
845 2631 969 2695 iocatus
992 2650 1062 2695 cura
1083 2631 1149 2693 isto
1171 2650 1212 2707 es,

165 2747 260 2809 quam
282 2730 447 2796 lectionem
470 2753 508 2798 cx
531 2732 750 2798 emendatione
766 2732 895 2797 consilio
917 2730 1003 2797 facta
1025 2738 1127 2795 ortam
1144 2748 1212 2796 csse

164 2832 428 2897 verisimillimum
451 2841 509 2915 est,
533 2834 680 2914 quoniam
702 2834 879 2899 invenimus
900 2835 997 2898 etiam

252 2934 350 2998 Andr.
372 2955 400 2999 v.
423 2936 486 3000 202
514 2936 571 3000 Itu
592 2942 701 3019 operte
731 2938 837 3018 ipsam
864 2957 929 3000 reor
962 2936 1053 3001 modo
1080 2937 1212 3013 locutae,

165 3037 248 3102 aiiii
271 3037 487 3102 circumitione
509 3059 587 3102 usus
609 3060 641 3103 es

250 3159 344 3222 quarn
367 3139 519 3204 librorum
541 3141 736 3221 scripturam
766 3140 904 3204 editores
934 3145 1063 3204 servant
1084 3145 1212 3221 praeter

167 3243 388 3323 Spengelium,
420 3241 474 3323 qui
504 3260 564 3306 non
594 3243 712 3308 iniuria
740 3243 869 3323 quidem
900 3241 980 3307 dicit
1007 3241 1213 3322 simplicitate

166 3343 319 3409 sermonis
349 3344 537 3410 comicorum
561 3363 621 3408 non
651 3344 798 3423 concedi,
832 3349 867 3407 ut
889 3365 921 3408 es
950 3341 1213 3422 exsequentibus

167 3469 245 3512 usas
274 3467 307 3511 eo
336 3447 543 3528 suppleatur,
572 3465 675 3528 oeque
704 3464 779 3512 vero
811 3446 907 3511 debet
928 3445 967 3510 ob
990 3463 1060 3509 eom
1083 3463 1211 3512 causam

165 3549 303 3616 scribere
333 3549 484 3629 iocata's;
517 3569 589 3614 nam
619 3550 743 3614 iocatus
773 3548 824 3613 hic
856 3551 907 3613 est
935 3548 1020 3613 idem
1053 3549 1137 3628 quod
1167 3548 1211 3612 io-

168 3657 324 3717 catores.

252 3753 299 3818 Da
322 3753 437 3835 quibus
451 3753 604 3835 exemplis
626 3772 749 3819 omnem
765 3752 996 3819 dubitationem
1011 3751 1120 3833 procul
1142 3770 1212 3817 esse

167 3856 364 3920 abiciendam
381 3856 553 3921 ostendunt
568 3855 657 3920 nobis
673 3856 769 3921 etiam
792 3854 825 3919 hi
840 3872 967 3920 versus:
989 3855 1077 3919 Asin.
1094 3874 1123 3918 v.
1139 3854 1211 3918 648.

165 3959 280 4043 ecquid
301 3963 347 4024 esi
371 3957 510 4023 solutis?
545 3960 626 4023 satis
648 3958 760 4040 iocati,
790 3958 845 4030 ubi
866 3956 1025 4027 omittitur
1046 3958 1121 4021 estis
1142 3975 1212 4024 ver·
