2768 4710
523 319 735 386 -89-

103 491 207 573 plura
236 491 397 573 enernpla,
431 492 586 557 senectuti
618 492 744 574 quidem
764 497 894 557 nostrae
915 492 1035 574 aptius.
1081 491 1156 556 Hor.

107 594 178 660 Sat.
201 593 242 672 ΙΙ,
266 593 294 671 1,
315 592 357 657 54
379 594 492 659 melius
512 613 578 658 non
600 597 729 677 tenpore
751 593 852 659 clamo
873 594 966 675 Prop.
989 593 1027 673 V,
1051 593 1092 657 10
1114 591 1157 659 35

114 694 230 762 Oossus
252 696 301 760 ait
319 696 399 778 forti
419 696 532 761 melius
553 715 742 761 concurrere
765 715 876 778 ouonpo
903 694 946 775 Π,
970 697 1020 775 12,
1044 697 1083 762 19
1105 698 1157 761 in-

110 803 210 865 tactos
230 799 292 863 isto
313 799 417 863 satius
439 802 593 880 teruptare
614 817 734 862 ueneno

193 902 306 983 Itaque
336 897 477 980 integros
507 899 720 981 relinquemus
750 898 808 965 hos
838 918 949 966 versus
976 901 1156 968 Plautinos:

108 1004 191 1070 Rud.
214 1023 242 1068 v.
268 1000 329 1066 145
355 1000 500 1068 Cererem
522 1007 551 1067 te
571 1002 684 1068 melius
706 1023 803 1084 quam
832 1001 983 1069 Venerem
1004 1006 1158 1070 sectarier

109 1107 177 1172 Mil.
192 1126 222 1171 v.
238 1105 301 1171 292
323 1103 489 1170 Medicum
508 1104 565 1168 titi
585 1106 668 1169 istnc
688 1104 801 1170 melius
817 1107 1042 1187 percontarier
1064 1107 1157 1172 linc.

109 1229 136 1273 v.
159 1209 221 1274 948
250 1207 373 1273 Melius
402 1212 431 1271 te
458 1207 555 1272 minis
585 1211 707 1271 certare
735 1226 855 1272 mecum
886 1229 983 1291 911111
1009 1209 1158 1274 minaciis

109 1313 203 1395 Epid.
226 1331 254 1376 v.
277 1310 340 1377 669
361 1309 475 1375 Alium
496 1313 525 1374 te
548 1309 604 1375 tili
625 1309 739 1375 melius
762 1310 902 1375 comitem
924 1331 1076 1393 quaerere

195 1412 261 1478 Mil.
285 1430 314 1476 v,
337 1411 397 1477 881
432 1411 474 1475 B:
506 1412 619 1477 melius
639 1412 797 1478 monerier
819 1412 858 1477 C:
889 1412 1016 1478 meliust
1036 1414 1072 1479 R.
1094 1435 1157 1479 me-

110 1517 187 1583 liust
208 1519 258 1593 te;
287 1532 344 1579 cur
365 1532 425 1579 non
447 1513 560 1579 nulius
582 1513 634 1578 11.2
657 1513 704 1578 sic
725 1513 807 1579 enim
831 1512 983 1580 hebemus
1005 1516 1102 1583 etiam
1124 1517 1156 1583 in

110 1618 135 1684 O
162 1617 331 1700 vestigium
361 1622 391 1682 11
420 1615 622 1697 pronominis.
666 1615 733 1680 Mil.
763 1635 791 1681 v.
821 1615 882 1681 351
915 1635 967 1683 res
998 1619 1093 1685 aliter
1122 1637 1157 1685 se

109 1719 207 1785 habet
237 1728 271 1783 et
301 1718 345 1784 ibi
369 1737 439 1783 cum
461 1719 491 1783 Α
512 1718 638 1783 meliust
668 1718 869 1784 scribendum
893 1725 959 1785 est:
981 1743 1049 1787 -nec
1069 1723 1157 1806 quoi-

110 1843 205 1907 qnum
227 1822 287 1887 alii
307 1823 344 1887 in
366 1826 479 1887 nostra
499 1821 628 1886 meliust
645 1822 771 1903 famulo
791 1822 938 1905 familiae

194 1924 286 1989 Truc.
301 1942 330 1988 v.
344 1923 407 1989 926
418 1923 574 1988 traditur:
597 1927 751 1988 mortuom
765 1924 868 1990 inercie
882 1946 930 1989 me
942 1927 1022 1991 aoleo
1037 1928 1158 1992 satius:

109 2028 231 2093 abstine
246 2046 274 2092 v.
289 2026 352 2090 928
368 2030 474 2090 autem
491 2024 552 2090 Nil
566 2025 697 2108 culpari
711 2026 837 2104 satiust,
851 2027 950 2105 miles,
965 2029 995 2093 si
1010 2033 1039 2093 te
1053 2030 1159 2094 amari

108 2129 251 2211 postulas
279 2128 352 2194 libri
383 2127 501 2193 habent
533 2127 658 2209 plenum
680 2126 816 2193 formam
838 2133 892 2193 est.
938 2129 1001 2195 Gur
1022 2131 1154 2197 verbum

109 2232 213 2315 priore
243 2230 310 2296 loeo
333 2228 486 2294 excidisse
508 2246 707 2309 censeamus
739 2229 765 2293 si
789 2229 923 2296 Plautus
944 2231 1081 2313 scripsit,
1104 2251 1157 2297 ne-

110 2353 171 2417 que
192 2339 345 2415 exputare
366 2350 494 2414 possum
528 2337 561 2397 et
582 2331 663 2397 illud
686 2331 775 2413 prius
798 2333 996 2399 enuntiatum
1018 2334 1157 2400 breviter

109 2436 230 2503 dictum
246 2440 294 2500 est
316 2440 349 2501 et
371 2453 441 2501 oum
457 2434 664 2500 commotione
679 2434 787 2515 animi,
809 2432 874 2500 fere
897 2440 947 2501 est
961 2436 1156 2503 exclamatio.

109 2538 175 2604 Nos
206 2536 324 2603 nullam
356 2555 484 2603 censam
514 2535 684 2617 habemus,
718 2555 775 2602 cur
796 2536 917 2614 Plauto¹
933 2537 1030 2620 hanc,
1060 2555 1155 2619 quam

109 2640 219 2720 voluit,
241 2639 459 2705 diversitatem
482 2638 663 2722 eripiemus.

193 2741 317 2808 Deinde
338 2743 422 2824 quod
438 2740 500 2806 viri
522 2741 609 2808 docti
629 2747 818 2808 censuerunt
834 2743 918 2824 apud
944 2748 1076 2835 ‘certum
1098 2736 1154 2809 est’

109 2844 238 2911 verbum
269 2845 378 2909 deesse
407 2862 467 2909 non
499 2845 631 2925 debere,
654 2845 792 2927 primum
816 2842 934 2937 legitur
956 2847 1041 2926 apud
1065 2846 1156 2911 Ovid.

109 2948 184 3012 Met.
208 2948 245 3025 V,
267 2945 330 3012 519
354 2944 408 3038 tSi
428 2948 570 3028 reperire
591 2967 694 3025 oocas,
717 2947 862 3011 amittere
885 2938 1016 3014 certius'
1039 2949 1157 3014 sedne

109 3050 179 3132 quis
209 3049 356 3115 obvertat
388 3048 595 3130 comparativi
636 3054 783 3113 naturam
823 3046 949 3114 facilius
986 3050 1157 3117 admittere

108 3150 316 3231 omissionem,
338 3150 588 3232 contemplemur
611 3150 668 3216 hos
690 3151 790 3216 locos:
814 3152 856 3216 sd
879 3152 946 3216 An.
969 3151 1040 3232 VH,
1064 3154 1114 3233 11,
1139 3157 1156 3220 1

107 3253 162 3319 nbi
184 3259 230 3319 est
245 3260 352 3319 (1111111
368 3254 510 3338 olipnitas
532 3254 598 3318 nisi
618 3254 674 3319 nbi
688 3253 859 3319 nonestus?
881 3254 1043 3320 lonestmn
1058 3257 1158 3340 ipitnr

107 3356 221 3422 1115111
248 3358 421 3422 exercitum
450 3356 541 3420 nnllo
566 3357 697 3438 publico
728 3357 867 3421 oonsilio.
898 3356 985 3436 vm,
1019 3358 1160 3424 3lseol

109 3463 201 3541 turpe
215 3456 392 3524 Domitium
414 3459 517 3524 deseri
538 3459 752 3540 implorantem
775 3461 844 3525 eins
857 3461 1058 3544 aucilinm1)
1080 3460 1156 3527 Hor.

108 3560 175 3626 Sat.
196 3562 224 3639 Ι,
245 3562 266 3624 5
296 3582 434 3644 namque
458 3561 533 3643 pila
554 3561 653 3643 lippis
680 3562 845 3627 inimicum
867 3567 898 3627 11
918 3563 1028 3628 ludere
1050 3565 1158 3629 nudis

107 3663 193 3742 Quid
215 3667 320 3727 sutem
345 3663 443 3728 habel
467 3655 613 3753 ‘certum’
638 3664 828 3745 proprium?

191 3765 288 3830 Mers.
311 3783 340 3829 u.
357 3765 399 3830 39
422 3766 511 3832 Illuc
532 3768 649 3831 reuerti
671 3771 798 3846 cutum,
821 3773 859 3832 nt
880 3773 997 3833 conata
1018 3789 1158 3851 exequar

105 3866 234 3933 minime
266 3886 338 3934 oum
359 3867 535 3934 Ritschelio
567 3868 682 3934 mutari
711 3869 807 3935 debet
828 3870 878 3934 in:
912 3875 1091 3962 tcertumst,
1121 3877 1158 3937 nt

177 4087 203 4153 1)
220 4090 295 4152 Prop.
313 4091 344 4151 V,
364 4094 387 4150 6,
407 4095 440 4140 15
464 4099 532 4152 turpe
550 4093 651 4140 latinos
664 4093 774 4154 principe
800 4100 823 4140 te
840 4095 925 4149 fluctus
943 4094 1011 4154 repra
1028 4094 1080 4142 cela
1093 4096 1156 4155 pan.
