2768 4710
596 316 787 382 -5-

166 508 252 553 rnurn
289 509 392 553 sermo
428 490 594 555 familiaris
636 492 828 554 concesserit
866 491 981 555 Plauto
1016 493 1217 559 omissionem

166 611 265 656 necne
295 592 358 672 ibi,
391 593 446 657 ubi
467 594 541 657 libri
570 610 639 656 earn
661 592 832 673 praebent,
864 593 1057 676 Kiesslingio
1088 601 1218 661 auctore

168 714 230 758 non
254 695 333 758 satis
363 694 461 759 habui
482 693 607 759 fabulas
630 694 795 759 Plautinas
817 697 1020 778 perquirere,
1043 698 1100 761 sed
1122 699 1219 763 advo·

168 797 238 860 cavi
260 797 444 861 Terentium
475 802 508 862 et
530 797 689 861 Ciceronis
723 797 897 878 epistulas,
930 799 986 879 qui
1007 800 1077 879 ipse
1099 800 1219 865 diserte

168 899 257 978 dicit,
280 900 366 980 quod
387 917 479 963 nemo
502 900 620 963 nescit:
654 901 809 981 epistulas
830 920 903 964 nero
926 902 1096 966 cotidianis
1117 903 1219 967 verbs

169 1006 275 1065 texere
290 1003 425 1066 solemus
441 1003 497 1084 (ad
512 1000 585 1066 iam.
609 1002 655 1066 IX
671 1003 722 1082 21,
746 1002 789 1083 1),
813 1003 927 1068 deinde
942 1003 1071 1068 Horatii
1089 1005 1217 1084 satiraS,

166 1105 206 1167 de
229 1124 364 1186 quarum
388 1123 503 1185 genere
524 1105 649 1169 dicendi
670 1104 740 1185 ipse
762 1109 858 1185 poeta
880 1105 961 1170 dixit
976 1105 1041 1170 Sat.
1058 1106 1084 1186 I,
1106 1107 1137 1186 4,
1160 1107 1216 1171 39:

167 1227 269 1288 acque
299 1208 328 1270 si
358 1208 430 1287 qais
459 1207 580 1271 scribat
608 1207 657 1270 aa·
684 1227 743 1270 rios
765 1204 912 1271 Sermoni
937 1207 1096 1288 propiora
1121 1212 1218 1290 pates

165 1309 250 1373 banc
272 1330 338 1373 esse
358 1314 493 1389 poetam.
536 1309 647 1390 Neque
662 1309 846 1373 Petronium
863 1309 988 1390 neglexi
1011 1314 1043 1375 et
1063 1329 1115 1374 me
1129 1308 1215 1390 frag-

166 1417 273 1474 menta
301 1412 406 1491 poesis
443 1412 586 1477 scenicae
617 1411 792 1492 perlegisse
822 1411 910 1475 haud
939 1430 1019 1492 opus
1051 1416 1100 1477 est
1131 1429 1216 1476 com·

166 1532 353 1577 memorare.

251 1616 405 1696 incipiam
428 1621 577 1680 autema

335 1876 339 1882 .
410 1787 567 1854 secunda
589 1787 784 1871 singularis
806 1805 973 1872 persona,

166 1924 207 1986 de
229 1942 293 2004 qua
314 1941 447 2002 prorsus
470 1923 564 1987 aliter
585 1925 664 1988 mihi
685 1925 890 1988 iudicandum
912 1930 971 2005 est,
993 1945 1088 2008 quam
1111 1925 1215 1990 adhuc

165 2027 388 2090 iudicaverunt
409 2027 470 2090 viri
492 2027 587 2090 docti.
631 2026 723 2090 Hanc
753 2027 836 2090 eninr
857 2011 1028 2108 personam
1051 2032 1083 2091 et
1105 2026 1161 2091 alii
1183 2032 1216 2092 et

164 2129 293 2192 Brixius
323 2128 449 2191 omnino
477 2128 683 2192 seiunxerunt
712 2148 732 2192 a
761 2130 994 2209 disputatione,
1026 2133 1064 2193 ui
1091 2130 1128 2193 ia
1150 2150 1216 2211 qua

165 2233 273 2313 caiqai
303 2230 416 2295 circuti
449 2231 626 2294 adiectione
654 2230 744 2294 raalio
764 2231 879 2312 abique
900 2233 1024 2314 nopotio
1047 2221 1099 2321 tcs'
1123 2232 1216 2295 resi-i·

164 2337 316 2398 iaciatur.
358 2332 472 2413 Itaque
494 2331 614 2396 iactum
637 2337 701 2412 est,
724 2333 814 2396 utin
837 2333 926 2412 poesi
948 2334 1073 2397 scenica
1093 2333 1216 2397 nullum

165 2439 270 2500 exstet
292 2434 469 2515 exemplum
491 2435 601 2499 omissi
622 2455 655 2498 es
676 2429 773 2498 verbi.
817 2434 887 2498 Hoc
908 2454 971 2499 non
994 2439 1080 2500 recte
1101 2453 1137 2500 se
1157 2434 1215 2499 ha·

163 2537 240 2602 bere
267 2539 331 2601 iarn
354 2556 411 2617 per
433 2555 468 2600 se
490 2540 637 2618 apertum
660 2541 726 2617 est,
757 2537 904 2619 quoniam
932 2537 1022 2601 nulla
1043 2554 1141 2623 causa
1162 2555 1214 2601 ex·

165 2640 301 2720 cogitari
316 2643 433 2720 potest,
457 2657 513 2703 cur
535 2640 713 2720 excipiatur
728 2639 868 2704 secunda
890 2639 1062 2721 singularis
1077 2657 1215 2720 persona

165 2763 185 2806 a
205 2741 354 2805 libertate
373 2747 560 2822 ceterarum,
584 2747 617 2806 et
631 2742 733 2823 magis
751 2741 929 2823 apparebit,
953 2759 1025 2805 cum
1041 2741 1211 2806 ostendero

164 2844 324 2907 nullum
347 2862 392 2907 ex
422 2844 475 2908 iis
498 2845 618 2923 locis,
649 2863 751 2925 quos
781 2844 862 2908 viri
885 2845 1003 2909 docti
1034 2843 1112 2908 illo
1135 2843 1215 2907 cir·

166 2946 258 3010 culo
281 2946 563 3025 donaverunt,
592 2947 827 3011 mutandum
850 2965 958 3025 esse,
989 2945 1084 3028 quia
1113 2964 1214 3008 nun-

165 3068 285 3131 quam
315 3048 354 3111 in
383 3047 528 3126 lingua
555 3046 706 3112 Latina
735 3069 782 3112 as
812 3053 851 3111 et
883 3067 924 3112 es
952 3044 1144 3129 syllabae
1174 3047 1215 3111 in

164 3171 278 3215 unam
301 3149 539 3214 coalescere
560 3153 807 3230 potuerunt,
829 3153 975 3214 contra
995 3149 1081 3213 late
1102 3152 1216 3229 patet

166 3275 207 3318 es
228 3251 350 3318 verbi
378 3251 558 3316 omissio.

251 3356 358 3436 Atque
379 3354 483 3434 prima
504 3353 681 3434 procedant
702 3371 741 3417 ea
763 3354 916 3434 exempla,
939 3351 1055 3443 quibus
1077 3352 1216 3416 editores

166 3480 199 3524 cs
227 3457 323 3522 verbo
360 3456 504 3519 immixto
544 3473 667 3518 omnem
696 3456 851 3520 sermonis
882 3455 1082 3520 alacritatem
1120 3459 1217 3535 atque

164 3563 229 3625 virn
252 3560 447 3639 eripuerunt,
471 3557 636 3620 enuntiata
658 3556 738 3636 dico,
761 3557 874 3639 quibus
892 3558 1039 3622 diversae
1059 3574 1216 3637 personae

164 3666 249 3729 inter
263 3680 298 3725 se
320 3664 524 3741 opponuntur
537 3658 678 3722 breviter
700 3644 934 3742 aptissimeque.
968 3660 1005 3722 In
1026 3658 1117 3723 libris
1140 3676 1214 3723 mss.

163 3765 317 3846 legimus:

251 3866 345 3930 Most.
377 3884 404 3927 v.
434 3863 476 3927 49
508 3863 558 3928 Ta·
585 3864 788 3944 fortunatas,
820 3884 874 3946 epo
900 3864 1014 3928 miser:
1049 3863 1217 3945 patiunda

163 3974 250 4036 suat.
273 3973 305 4031 et
321 3968 459 4031 editores
475 3964 619 4030 scribunt
639 3967 846 4047 fortaaaia’s,
868 3984 909 4029 ne
926 3952 1107 4029 es'verbum
1122 3964 1216 4044 desit,

164 4076 263 4153 atque
278 4070 431 4134 laudatur
452 4066 504 4132 hic
525 4086 636 4133 versus
654 4069 832 4150 exemplum
847 4067 986 4132 omissae
1003 4087 1074 4131 sam
1094 4064 1216 4132 formae
