2768 4710
592 315 805 380 -37..

262 486 362 553 Stieb.
384 505 414 553 v.
438 487 500 554 759
531 486 569 554 Si
590 487 647 552 boo
669 487 818 552 eduxeris
838 487 979 569 proinde
999 491 1036 552 ut
1058 491 1225 552 eoruaetas

179 590 321 656 amhae.

262 689 314 756 bie
335 691 464 774 quidem
487 697 522 758 ta
544 712 604 757 non
627 693 730 772 adest,
754 691 809 756 sed
831 710 870 756 ex
885 692 981 758 verbo
1003 693 1152 758 edueeris
1173 691 1220 757 ta·

176 791 243 874 sile,
266 811 347 876 quae
362 813 496 875 persona
518 795 569 876 sit,
592 794 797 875 intellegitur.
819 794 857 858 R.
880 795 933 875 qui
956 794 986 858 in
1009 799 1100 860 textu
1122 795 1223 861 habet

175 897 351 960 emmaeta’s
371 897 522 962 adnotat:
550 898 689 979 fortasse
716 898 762 963 sie
791 897 922 978 scripsit
944 902 1064 979 poeta:
1096 899 1137 989 ‘si
1166 898 1223 962 boe

175 998 306 1076 ederis,
330 1001 470 1080 proinde
492 1005 583 1065 ates
606 1005 774 1066 consuetas
795 990 944 1064 autebue’
973 1000 1041 1080 (oet
1062 1005 1114 1091 1ut
1134 1004 1224 1064 arete-

176 1099 236 1165 tae
257 1121 291 1165 es
312 1094 530 1186 eorasaetas');
552 1102 609 1166 sed
631 1107 761 1184 propter
783 1122 816 1166 es
830 1100 979 1167 omissum
1001 1100 1081 1166 nihil
1096 1107 1223 1167 mutan·

177 1202 252 1269 dum
274 1204 462 1269 autetiam
484 1204 622 1269 vidimus
644 1223 741 1286 supra
762 1202 818 1285 qui
840 1208 1007 1269 eorisaetas
1027 1223 1048 1267 a
1070 1203 1222 1269 Muellero

173 1303 345 1370 defensum.
390 1306 512 1373 Deinde
533 1307 724 1373 invenimus:

258 1407 349 1488 capt
372 1428 401 1473 v.
424 1408 484 1474 861
515 1409 614 1490 faeite
637 1410 751 1492 patior
774 1428 796 1473 t:
824 1405 925 1472 Oredo
954 1412 1121 1473 eorisuetas
1136 1429 1224 1490 paor

258 1509 413 1576 editores:
438 1514 614 1578 eonsueta's
636 1518 668 1577 et
689 1516 856 1593 praeterea
871 1509 967 1574 semel
989 1515 1114 1574 tantum
1136 1511 1223 1592 apud

176 1611 324 1678 Plautum
355 1613 461 1678 inveni
492 1620 659 1680 consuetas
689 1614 776 1678 Asin.
800 1631 829 1676 v.
853 1611 914 1677 703
944 1611 1029 1677 Asta
1056 1613 1156 1697 ipitar
1185 1618 1224 1679 ut

176 1720 343 1780 moerebis
372 1737 405 1781 es
437 1738 523 1798 puer
554 1717 644 1795 otim,
680 1717 734 1781 ubi
766 1737 798 1780 es
828 1714 953 1797 syllaba
981 1714 1086 1780 versui
1116 1732 1223 1780 neces-
1311 1760 1316 1769 ·

173 1817 257 1884 sana
279 1825 337 1884 est
381 1820 473 1896 Quod
495 1820 672 1901 exemplum
704 1818 790 1882 nulla
812 1817 994 1883 condicione
1023 1834 1080 1882 nos
1110 1835 1222 1899 eogere

172 1920 265 1988 debet
294 1920 351 1987 illu
385 1921 550 2003 superiora
577 1920 757 1986 firmissima
785 1926 918 1986 mutare.
970 1919 1140 1985 Praeterea
1170 1918 1219 1983 in·

174 2022 316 2089 venimus

253 2126 350 2191 Mero.
372 2144 401 2190 u.
417 2126 477 2192 371
502 2125 568 2191 Per
588 2146 677 2190 mare
698 2130 736 2191 at
755 2132 862 2192 rectas
883 2146 971 2191 aare
993 2125 1078 2190 oeuti
1100 2129 1221 2190 terram

172 2228 333 2293 mirarier
356 2230 422 2293 tui:
443 2233 476 2293 et
498 2228 576 2308 quid
597 2228 715 2293 attinet
741 2229 826 2308 quod
847 2226 944 2292 semel
965 2226 1100 2307 legimus
1122 2226 1218 2293 Buch.

169 2348 195 2395 v.
219 2329 282 2395 106
303 2351 380 2395 earn
401 2336 439 2396 at
458 2332 495 2396 ire
516 2331 594 2396 bavi
614 2332 730 2396 aeeta’s
753 2332 845 2396 eredo
867 2330 980 2394 timida
1002 2350 1044 2409 es,
1066 2328 1119 2395 ubi
1135 2347 1216 2411 opus

170 2429 230 2497 tuit
245 2439 358 2513 poetae
373 2434 512 2500 scribere
533 2439 622 2499 oeeta
644 2455 686 2512 es,
709 2451 781 2496 nam
797 2438 886 2498 oeeta
900 2432 1105 2514 participium
1119 2449 1215 2496 unus·

172 2534 305 2617 quisque
327 2536 592 2602 exaudientibus
614 2536 826 2602 coniunxisset
848 2554 919 2601 eum
943 2537 1036 2602 eredo
1056 2534 1161 2602 verbo.

251 2637 320 2702 Iam
349 2637 440 2703 nobis
466 2640 623 2722 mendum
653 2644 702 2704 est
731 2639 772 2704 de
800 2639 839 2704 iis
866 2636 1040 2704 enuntiatis
1062 2636 1214 2719 relativis,

167 2736 199 2804 in
229 2739 345 2821 quibus
374 2758 544 2821 pronomen
577 2740 747 2807 relativum
775 2741 914 2823 positum
936 2745 986 2806 est
1007 2759 1065 2822 pro
1088 2741 1213 2807 obiecto

169 2839 215 2906 ita
246 2845 285 2904 ut
314 2843 424 2909 durior
452 2843 543 2909 nobis
563 2845 712 2910 videatur
743 2861 811 2908 esse
840 2844 975 2909 omissio.
1020 2843 1082 2922 Qui
1104 2848 1212 2909 eutem

168 2944 366 3011 arbitrantur
388 2944 456 3011 fieri
479 2964 539 3011 non
561 2965 655 3029 posse
679 2946 768 3011 utin
791 2946 849 3012 tali
870 2945 1034 3011 enuntiato
1056 2967 1122 3011 esse
1144 2963 1214 3009 ver-

168 3045 243 3111 bum
265 3047 447 3130 omittatur,
481 3047 503 3112 ii
536 3048 668 3114 videant
689 3049 825 3130 primum
849 3048 929 3113 Rud.
951 3066 981 3112 v.
1005 3047 1067 3113 690
1089 3047 1215 3131 sipaam

168 3149 204 3214 ia
228 3150 310 3231 farto
331 3151 383 3215 bie
404 3152 493 3215 iratas
507 3151 521 3233 Η
543 3151 690 3230 Verteris,
719 3152 804 3234 qaod
832 3151 998 3233 amplexae
1018 3151 1109 3214 modo
1130 3150 1216 3214 aede

170 3253 321 3334 abreptae
346 3274 409 3334 per
439 3255 502 3318 rim
529 3255 666 3319 miserm
697 3259 730 3318 et
760 3253 959 3319 meminerint
988 3252 1090 3330 iilius,
1120 3270 1214 3332 quem

168 3354 231 3419 ium
254 3353 437 3430 attulimus,
469 3356 556 3420 Asin.
587 3373 696 3421 versus
720 3355 799 3419 271:
829 3357 912 3422 barre
945 3356 1088 3438 quidm
1119 3373 1215 3438 paam

168 3463 284 3523 uastas
299 3459 475 3539 praedam,
500 3479 570 3522 eam
590 3458 656 3523 illis
672 3459 837 3540 partiam,
866 3458 920 3524 ubi
940 3458 1085 3523 videmus
1105 3477 1215 3523 samus

168 3565 202 3625 et
223 3581 293 3625 sam
322 3559 438 3625 formas
467 3560 601 3626 omissas
632 3579 701 3625 esse
731 3560 968 3640 pronominibus
996 3559 1214 3642 personalibus

168 3681 229 3728 non
258 3662 380 3744 positis.
433 3664 583 3730 Attamen
621 3664 662 3727 de
699 3663 750 3728 bis
780 3662 933 3745 exemplis
963 3682 1054 3728 nemo
1086 3662 1213 3727 dubita-

168 3767 285 3833 tionem
307 3765 407 3832 movit
429 3765 536 3831 ullam.
581 3767 686 3848 Atque
708 3767 771 3831 iam
793 3765 1021 3846 adscripsimus
1052 3764 1131 3830 Non.
1152 3763 1212 3847 frg.

169 3869 227 3933 62:
251 3869 329 3950 quia
351 3871 435 3933 euim
458 3870 503 3934 ad
524 3889 558 3934 os
578 3871 646 3951 fers
668 3870 821 3953 quiequid
841 3873 988 3935 uarietas.
1032 3870 1121 3947 Quae
1143 3886 1213 3933 eum

167 3969 216 4035 ita
236 3969 315 4051 sint,
337 3970 418 4036 nihil
440 3973 504 4036 iam
527 3971 743 4037 dubitabimus
766 3971 806 4036 de
