2790 4988
716 312 907 376 „5-

286 485 407 551 scilicet
436 485 513 566 quic
542 483 603 548 hoc
635 482 767 548 verbum
798 484 905 549 versui
927 483 1025 547 inseri
1046 481 1174 562 nequit,
1207 500 1240 543 es
1262 498 1346 544 vero

285 587 380 652 facile
401 587 531 651 restitui
552 589 677 667 putant
723 584 757 650 si
787 591 894 651 cutem
916 585 969 650 hic
995 605 1066 649 sum
1087 585 1199 648 deesse
1220 587 1345 664 potest

284 694 394 772 potest
416 690 514 754 etium
536 708 569 752 es
590 706 693 768 neque
713 686 809 752 huius
829 687 918 754 verbi
939 687 1143 752 restitutione
1164 685 1346 767 quidquam

285 793 466 857 lucramur:
494 791 600 855 omniu
630 790 802 871 perspicua
829 796 905 856 sunt
933 796 966 856 et
995 789 1116 872 optime
1144 808 1179 854 se
1210 788 1345 855 habent.

286 894 382 959 Falso
404 894 456 958 hic
478 893 556 958 addi
579 913 611 956 es
634 890 765 956 verbum
788 898 925 976 apparet
947 893 1044 957 etiam
1066 909 1104 956 ex
1117 891 1180 957 Cic.
1205 893 1247 956 ad
1269 893 1345 957 Att.

285 997 340 1077 IV,
363 999 393 1076 6,
415 997 436 1061 3
457 995 515 1061 sed
534 993 597 1071 iiie,
619 998 658 1057 ui
679 994 804 1075 scripsi,
826 1015 892 1059 uou
912 998 1018 1072 miser,
1048 1013 1107 1058 uos
1129 1014 1201 1059 cero
1220 995 1348 1076 ferrei,·

285 1098 373 1178 XVI,
397 1099 429 1179 5,
451 1099 472 1163 5
495 1103 531 1162 iu
552 1116 625 1160 cero
646 1085 792 1178 ἀμύμων,
814 1096 869 1162 ilie
891 1098 1018 1179 quidem
1039 1086 1214 1179 ἄμβροτος.

371 1201 495 1265 Deinde
525 1219 558 1263 es
588 1203 675 1263 recte
704 1198 811 1263 deest:
843 1198 926 1263 Rud.
956 1218 984 1263 1.
1007 1198 1071 1262 222
1104 1200 1182 1280 quio
1213 1203 1348 1283 090111-

286 1304 403 1387 diquus
424 1323 510 1379 sum,
542 1305 577 1365 tu
599 1301 716 1383 dipuus
745 1301 801 1381 qui
831 1302 910 1378 sies,
939 1301 994 1365 ubi
1016 1301 1169 1366 Fleckeis.
1208 1304 1349 1385 scripsit

287 1406 432 1489 diquu’s;
462 1405 520 1469 sed
549 1403 602 1467 hic
631 1407 741 1466 nostro
763 1420 859 1468 sensu
891 1404 989 1468 etiam
1009 1403 1114 1467 minus
1137 1405 1350 1473 desideretur

287 1529 336 1586 es,
367 1507 443 1589 quia
478 1526 548 1570 suu
579 1503 747 1569 antecedit.
792 1505 900 1586 Atque
930 1507 970 1570 de
1002 1527 1034 1570 es
1063 1506 1159 1570 verbo
1192 1508 1348 1576 addendo

287 1609 411 1674 desinet
441 1608 583 1688 cogitare
612 1607 667 1688 qui
698 1607 869 1671 contulerit
890 1607 970 1671 Asin
1001 1627 1029 1672 1.
1054 1609 1116 1672 134
1145 1630 1223 1672 uum
1251 1631 1348 1677 mare

287 1712 377 1777 houd
405 1715 575 1775 estuare.
606 1729 661 1772 cos
681 1729 771 1773 mure
794 1711 999 1786 acerrimum,
1029 1709 1085 1774 ubi
1114 1729 1205 1775 nemo
1235 1713 1348 1779 adhuc

287 1813 428 1878 inserere
441 1812 549 1892 potuit
565 1811 647 1876 estis.
679 1811 894 1892 Opponuntur
910 1811 994 1876 inter
1012 1829 1047 1876 se
1068 1830 1225 1892 personae
1242 1816 1348 1881 etiam

288 1915 387 1980 Andr.
410 1933 438 1978 1.
461 1913 540 1979 285;
570 1913 714 1978 Accessi:
743 1933 798 1978 cos
826 1919 979 1992 semotae,
1011 1934 1069 1978 uos
1096 1915 1175 1979 soii:
1203 1917 1349 1998 incipit:

287 2016 333 2082 mi
354 2017 441 2082 Trin.
462 2035 491 2080 r.
514 2015 578 2080 490
599 2013 647 2079 Di
663 2015 777 2080 divites
791 2022 876 2094 suut,
900 2018 973 2081 oleos
988 2018 1100 2082 deceut
1114 2018 1301 2098 opulentiae
1317 2019 1332 2104 ΙΙ

288 2119 336 2183 Ec
353 2119 521 2201 factiones,
543 2137 654 2181 oerum
675 2138 733 2183 uos
753 2118 937 2185 homunculi
950 2119 965 2202 ΙΙ
981 2117 1128 2185 Siteiiuuc
1149 2120 1283 2185 auimoi.

374 2220 545 2284 Omnino
566 2219 633 2285 hic
655 2222 915 2287 statuendus
938 2226 1001 2286 est
1028 2239 1143 2286 usus:
1174 2221 1348 2288 verbum

289 2322 601 2389 substantivum
623 2322 768 2387 omitti
790 2327 939 2403 potest,
961 2323 995 2388 si
1016 2343 1230 2404 pronomen
1253 2345 1348 2405 per-

289 2424 441 2490 sonale
463 2426 689 2490 antecedit.
719 2423 801 2489 Tum
823 2425 902 2490 nihil
924 2426 1129 2490 desideratur
1151 2427 1193 2490 cd
1215 2432 1349 2494 senten-

289 2527 354 2592 tiae
375 2526 656 2608 perspicuitatem
679 2545 753 2591 nem
768 2527 846 2609 quid
862 2527 951 2591 aliud
967 2546 1037 2592 esse
1050 2533 1160 2609 potest
1175 2532 1210 2592 tu
1225 2529 1351 2612 diquus

290 2647 385 2710 quem
408 2632 444 2692 tu
466 2628 583 2710 diquus
606 2650 647 2708 es,
677 2649 732 2713 eqo
753 2631 849 2695 miser
871 2649 966 2713 quam
989 2651 1014 2694 e.
1035 2650 1075 2694 m.
1098 2651 1177 2708 suu,
1199 2629 1255 2695 iiie
1277 2653 1351 2700 uou

289 2731 386 2796 miser
407 2749 502 2812 quom
524 2732 545 2795 i.
567 2752 600 2796 u.
622 2752 661 2796 m.
687 2732 802 2814 est¹)?

291 2834 380 2910 Quae
402 2850 474 2896 cum
495 2833 543 2897 ite
564 2834 638 2913 sint,
659 2833 739 2898 nihil
762 2835 981 2900 desideratur:

375 2933 470 2998 Merc.
493 2954 522 2999 1.
546 2935 609 3000 156
630 2935 735 3001 Haud
754 2936 881 3001 malasi.
904 2956 926 3000 ::
948 2936 997 3000 At
1017 2940 1053 3002 tu
1073 2937 1187 3002 uuus.

291 3037 346 3103 ubi
368 3035 491 3101 frustra
512 3037 663 3102 scribitur
684 3039 735 3104 101
756 3039 864 3120 potius
885 3036 968 3104 falso
989 3040 1111 3105 mulu's.

376 3139 499 3203 Deinde
521 3139 640 3220 integri
661 3140 861 3222 relinquendi
882 3146 959 3206 sunt
980 3142 1016 3209 hi
1036 3161 1167 3208 versus:

376 3241 469 3305 Truc.
492 3260 520 3305 1.
544 3241 607 3306 955
640 3241 690 3306 Tu
718 3244 924 3327 peuepriuus,
955 3244 1020 3316 11104
1037 3265 1092 3328 eqo
1113 3244 1220 3309 cocco
1242 3245 1351 3326 (·uu’s

291 3342 440 3424 Schoell.)
484 3361 587 3425 neque
609 3347 856 3424 exspectandum
875 3351 934 3426 est,
957 3347 1044 3428 quod
1065 3346 1195 3411 verbum
1218 3344 1350 3416 finitum

291 3446 437 3530 sequitur
466 3446 500 3510 id
529 3447 626 3510 etiam
654 3450 842 3514 antecedere
874 3447 1007 3529 debere,
1038 3449 1129 3514 cuius
1163 3450 1351 3520 omissionis

290 3548 394 3613 multa
415 3553 584 3614 occurrent
606 3551 757 3632 exemplu

363 3738 387 3803 1)
406 3741 444 3786 De
469 3737 603 3787 omissione
622 3740 692 3786 verbi
710 3739 861 3787 substantivi
879 3738 946 3799 apud
970 3739 1064 3798 lyricos
1089 3746 1176 3799 poetes
1199 3741 1252 3800 agit
1277 3743 1351 3793 Leo:

293 3827 339 3894 ί110
358 3824 465 3872 Senecae
483 3823 618 3883 tragoediis
637 3823 824 3871 observationes
842 3816 951 3871 criticae'
970 3824 1028 3871 inde
1049 3840 1069 3872 u.
1090 3841 1114 3885 p.
1136 3828 1278 3885 rotatque
1297 3829 1352 3877 huc

294 3909 400 3957 maxime
418 3911 557 3969 pertinent:
586 3907 660 3957 ovid.
680 3910 733 3956 her.
758 3910 804 3967 VI,
833 3913 882 3958 148
906 3925 954 3955 uou
980 3911 1037 3968 quio
1054 3918 1079 3956 tu
1097 3910 1199 3969 1111111111,
1227 3910 1271 3957 ced
1288 3916 1352 3970 quia

293 3995 356 4040 mitio
374 4009 424 4053 eqo,
442 3995 487 4040 olii
505 3995 565 4052 loci,
585 3995 627 4052 qui
647 3996 692 4041 etsi
705 3995 770 4042 clius
782 3996 864 4054 poesis
883 3996 981 4053 generis
993 4001 1058 4053 suut,
1077 4000 1158 4041 tamen
1172 3995 1244 4041 nobis
1262 4004 1351 4046 osten-

293 4080 363 4140 dunt,
384 4086 506 4140 quatenus
525 4081 625 4139 linguae
644 4080 749 4127 Latinae
767 4080 890 4138 placuerit
908 4081 969 4127 hacc
986 4080 1096 4127 licentio.
