2768 4710
614 311 827 378 ..15-

191 481 265 546 bum
280 483 317 561 ¹).
351 481 435 545 Trin.
451 500 479 546 v.
495 481 558 546 563
584 481 670 561 oola
690 482 741 546 1ηό
757 482 881 548 roceas
897 484 1022 550 tecam?
1051 483 1097 550 sic
1113 485 1257 550 tradunt

155 635 157 640 .
191 583 341 662 Palatini,
354 600 433 663 quos
446 587 574 647 secutus
585 581 787 648 Hermannus
799 585 938 651 locotust
948 587 1085 667 scripsit,
1097 586 1126 650 A
1138 592 1258 652 autem

163 684 289 749 labet
322 690 369 749 est
401 685 541 766 locatos,
571 703 632 765 quo
662 690 709 750 est
729 686 856 751 acuitur
878 688 966 753 nulla
988 706 1094 755 causa.
1143 690 1259 770 Atque

194 806 231 852 eo
262 787 363 868 magis
392 789 486 852 credo
514 786 650 869 reliquos
688 787 784 877 libros
814 789 905 856 nobis
936 809 1044 855 veram
1078 790 1258 856 lectionem

194 889 374 968 tradidisse,
397 890 483 969 quod
505 888 603 953 etiam
624 889 785 956 breviores
807 896 903 972 atque
926 893 1005 957 satis
1026 892 1261 959 memorabiles

192 990 348 1057 formulae
365 991 586 1056 inveniuntur:
611 990 697 1056 Trio.
721 1011 749 1057 v.
764 991 826 1058 567
853 995 940 1075 Quid
962 1000 1063 1059 tecum
1085 992 1261 1061 Stosime?

195 1111 237 1158 sc.
270 1094 394 1159 locotus
428 1115 461 1158 es
490 1093 541 1158 vel
564 1093 699 1174 loquere.
744 1096 842 1160 Andr.
864 1116 893 1161 v.
916 1099 966 1162 82.
1010 1097 1147 1180 Eoomet
1180 1117 1261 1163 con-

198 1198 291 1262 tiooo
311 1216 453 1262 mecum:
476 1199 558 1260 certe
581 1201 695 1285 coptos
717 1203 764 1261 est
784 1217 826 1264 sc.
850 1199 973 1264 locutos
995 1221 1073 1264 som.

285 1298 430 1381 Adiungo
454 1315 538 1363 nunc
559 1315 612 1361 eos
635 1297 737 1380 locos,
769 1301 884 1379 quibus
906 1303 992 1382 apud
1014 1307 1157 1367 adactos
1181 1322 1261 1384 per-

198 1400 316 1465 lectum
340 1402 430 1465 deest
451 1400 584 1465 verbum
608 1400 854 1468 substantivum.

282 1502 372 1583 Capt.
395 1521 424 1565 v.
450 1500 511 1566 154
541 1501 718 1568 Nullumne
748 1506 873 1570 intereo
904 1512 1061 1585 coactae,
1091 1508 1149 1588 qod
1175 1529 1263 1590 pos·

196 1611 243 1670 set
265 1604 346 1671 toll?

198 1708 355 1773 editores:
377 1705 536 1787 aaaoto’s,
559 1705 643 1772 sicut
664 1706 761 1772 etiam

283 1809 362 1875 Hec.
384 1828 413 1874 r.
429 1807 492 1875 825
517 1809 604 1890 Quid
619 1811 833 1889 exanimatos,
857 1811 990 1891 obsecro,
1014 1814 1071 1879 es?
1095 1819 1156 1879 aot
1172 1837 1267 1884 arou·

200 1914 265 1979 lom
286 1915 383 1978 istum
403 1915 552 1976 caoctus.

284 2015 328 2080 sic
350 2013 395 2093 Α;
417 2013 492 2078 rell:
515 2035 548 2078 es
570 2034 663 2078 eaoo.
686 2051 727 2060 -
750 2007 792 2060 4
815 2008 875 2081 out
895 2019 989 2082 uode.

283 2118 414 2182 Initium
445 2133 556 2182 versus
587 2115 680 2196 quale
712 2135 732 2180 a
762 2116 893 2198 reliquis
924 2119 1064 2185 traditur
1090 2118 1171 2185 ferri
1196 2142 1266 2187 non

200 2226 320 2304 potest3
348 2219 381 2285 id
404 2217 629 2283 intellexerunt
650 2223 738 2283 recte
761 2219 865 2285 Bentl.
885 2225 918 2286 at
940 2221 1093 2300 Fleckeis
1116 2222 1176 2286 sed
1200 2242 1268 2291 cur

202 2332 270 2390 tum
286 2341 346 2387 non
363 2321 464 2387 secuti
480 2324 554 2384 sunt
568 2320 598 2383 A
620 2319 785 2385 codicem?
821 2321 923 2388 Falso
939 2323 1022 2388 enim
1038 2322 1266 2404 scripserunt:

202 2428 280 2510 quid
301 2424 523 2500 eaoolmom's,
546 2421 688 2487 obsecro:
711 2422 798 2487 nulla
813 2441 908 2489 causa
924 2443 981 2490 nos
1003 2424 1089 2508 cogit
1103 2428 1268 2494 recedere

201 2549 221 2593 a
243 2526 388 2592 Bembini
416 2523 619 2604 auctoritate,
642 2543 715 2588 nam
738 2542 833 2604 quarn
857 2525 909 2590 hic
930 2526 1062 2608 praebet
1086 2526 1265 2596 collocatio

203 2631 371 2695 verborum
403 2628 526 2693 obsecro
560 2647 592 2690 es
622 2629 672 2690 est
705 2626 826 2690 usitata
858 2646 959 2709 neque
993 2629 1141 2693 Terentio
1175 2631 1267 2713 eripi

203 2733 314 2799 debet:
345 2729 383 2795 cf.
405 2729 485 2794 Eun.
509 2747 537 2791 u.
561 2729 636 2794 756:
670 2728 760 2793 Nom
780 2730 1026 2811 formidolosae,
1050 2731 1191 2812 obsecro,
1232 2757 1268 2801 es

202 2836 280 2901 mcor
309 2831 421 2898 aomo?
463 2831 557 2896 eaor.
589 2850 616 2894 v.
645 2832 716 2896 742.
763 2831 874 2912 oola?
916 2853 995 2911 aaa,
1033 2833 1175 2912 obsecro,
1219 2857 1267 2915 es,
1306 2791 1308 2937 l

206 2939 305 3018 Quem
327 2955 450 3014 semper
471 2938 500 2997 te
523 2954 590 2998 esse
612 2933 794 2998 dorostoro?
831 2933 870 2999 of.
890 2935 995 3000 Plaut.
1010 2936 1092 3000 Rud.
1116 2954 1145 2999 v.
1172 2936 1268 3002 1304
1307 2974 1308 2993 1

203 3060 281 3104 oum
302 3038 452 3113 mediceo,
475 3055 603 3117 quaero,
627 3036 684 3100 es?
715 3041 748 3099 et
770 3036 861 3102 Truc.
885 3055 913 3101 V.
937 3038 1000 3101 296
1030 3038 1109 3119 qood
1129 3038 1181 3116 od,
1208 3041 1267 3106 ob-

204 3161 301 3217 secro,
324 3144 378 3216 est,
404 3139 496 3219 Quod
516 3139 602 3202 scias
623 3156 652 3201 v.
675 3138 736 3204 941
761 3139 840 3220 quid
860 3139 904 3216 td,
935 3139 1056 3217 oooabo,
1086 3144 1140 3216 est,
1173 3145 1269 3221 qaod

206 3245 284 3321 dem,
308 3241 384 3306 dic?

293 3344 354 3408 Sed
378 3343 480 3408 altera
501 3360 577 3424 pars
598 3360 710 3407 versus
725 3341 803 3406 Hec.
827 3342 900 3421 825,
924 3345 961 3404 ut
981 3342 1013 3406 in
1029 3340 1183 3406 Bembino
1207 3365 1269 3411 ex-

196 3454 283 3526 stat,
307 3446 446 3511 numeris
475 3445 603 3524 quidem
626 3442 760 3524 sufficit,
792 3461 852 3508 non
876 3444 953 3508 item
977 3445 1168 3522 sententiae;
1202 3455 1271 3516 aut

208 3567 340 3631 prorsus
362 3565 634 3628 supervacaneum
657 3552 722 3624 est,
745 3545 773 3608 si
795 3563 856 3610 non
877 3545 1061 3625 molestum,
1083 3546 1139 3610 sed
1162 3552 1269 3631 uode,

208 3653 291 3733 quod
322 3650 477 3731 praebent
508 3648 622 3730 reliqui
653 3647 744 3726 libri,
777 3647 1004 3712 desideramus
1050 3647 1135 3725 Quid
1158 3646 1270 3729 igitur

208 3733 437 3820 statueudum?
459 3751 493 3816 id
516 3750 600 3832 quod
624 3749 686 3813 iam
703 3746 974 3830 Umplenbachius
996 3748 1148 3816 statuisse
1170 3749 1269 3820 vide·

280 3997 306 4055 1')
324 3993 390 4042 Ovid
409 3995 469 4042 Fest
487 3993 517 4041 V.
536 3994 587 4042 465
614 3992 637 4039 si
658 4005 701 4040 uos
726 3992 796 4040 modo
821 4006 880 4039 vero
904 3990 978 4038 doadi
1005 3987 1129 4048 Uderoqoe
1145 3994 1271 4058 exposz'tia

208 4080 254 4131 illa
263 4080 350 4144 filiae
367 4080 439 4128 dedit.
