2790 4988
586 311 797 375 ..93-

254 487 346 551 Truc.
370 504 399 549 v.
422 482 486 548 820
514 498 618 546 mewa
646 480 723 545 illae
753 479 901 561 faunus,
933 499 1004 544 mea
1031 480 1216 559 stultitiust;

168 591 196 655 si
216 588 387 669 Kiessling.
416 586 565 668 factiosi
593 581 722 662 scribit,
754 581 784 646 ei
806 581 840 646 id
863 582 1026 647 adsentior
1055 602 1117 648 nun
1140 602 1216 665 sup-

168 691 320 773 plendum
337 707 407 754 esse
430 687 559 752 verbum
574 703 727 766 seqnens;
751 688 893 748 attamen
916 688 961 749 est
978 685 1083 750 omitti
1099 690 1215 767 potest.

254 791 345 858 Oura.
368 812 396 857 v.
422 791 462 855 15
491 787 580 854 Huie
597 787 781 869 woaimma
812 786 896 852 illud
924 788 1038 853 ostiam
1069 789 1216 854 occlusis-

168 897 283 966 simum

256 996 307 1062 Sic
328 994 381 1061 hia
403 1011 514 1061 versus
535 993 664 1075 elegans
695 997 727 1057 et
750 1010 847 1056 sanus
869 993 1018 1057 traditur.
1062 993 1101 1058 Id
1122 994 1150 1058 si
1171 995 1219 1058 ita

170 1105 229 1180 est,
251 1099 445 1164 mutationes
460 1095 563 1161 solent
578 1112 687 1160 carere
700 1093 944 1176 probabilitate3
966 1095 1095 1160 minime
1110 1100 1218 1161 autem

170 1207 303 1285 propter
325 1205 373 1265 est
393 1200 545 1264 omissum
567 1197 620 1263 hic
640 1214 752 1261 versus
774 1196 947 1261 tentandus
970 1201 1029 1262 est.

256 1304 379 1370 Deinde
401 1322 429 1367 v.
454 1302 510 1367 16:
544 1298 660 1367 Salvii
687 1297 843 1364 valuistin
870 1297 1010 1383 [usqae]
1032 1302 1146 1366 ostiam
1168 1322 1219 1367 oe·

175 1408 396 1484 elusissimam,
501 1430 503 1436 ·

255 1509 310 1575 ubi
338 1507 433 1574 finem
456 1524 567 1572 versus
589 1504 670 1570 falso
692 1504 865 1586 repetitum
888 1522 959 1570 esse
979 1505 1013 1569 iu
1036 1513 1148 1588 aperto
1172 1515 1221 1574 est

170 1619 267 1695 atque
287 1613 403 1677 Festus
432 1610 523 1675 nobis
546 1627 653 1673 veram
674 1607 842 1672 lectionem
871 1609 1012 1673 servavit
1033 1611 1088 1691 qui
1109 1612 1219 1678 habet:

172 1715 386 1781 oraissimam
408 1715 522 1778 ostiam
537 1713 682 1777 amicae:
704 1710 817 1791 Itaque
838 1711 926 1791 apud
943 1709 1111 1777 Goetzium
1133 1719 1220 1781 reete

171 1818 323 1900 legimus:
347 1816 440 1881 Salve
455 1814 607 1880 valuistin
622 1832 723 1896 usque
734 1811 961 1879 oeulissumum
974 1815 1099 1880 ostium.
1129 1819 1222 1896 Quod

172 1926 278 1986 autem
299 1938 340 1985 ne
361 1918 442 1984 illud
463 1919 586 1985 amicae
607 1917 728 2000 periret
750 1913 858 1981 Goetz.
888 1921 990 1982 totum
1013 1936 1129 1984 novum
1151 1941 1221 1987 ver·

171 2043 243 2089 sum
265 2021 423 2100 uendidit,
445 2038 572 2086 errasse
593 2021 672 2086 mihi
694 2020 836 2084 videtur:
867 2018 948 2084 illud
969 2022 1091 2087 amicae
1113 2028 1222 2104 potest

170 2126 216 2191 ibi
245 2124 486 2207 perspicuitatis
524 2141 621 2189 eausa
653 2123 799 2188 additum
830 2140 916 2202 esse,
953 2124 1039 2204 quod
1067 2124 1100 2189 in
1132 2131 1222 2192 textu

170 2229 279 2294 Plauti
299 2248 362 2293 non
384 2227 595 2293 desideratur.
639 2226 752 2307 Itaque
772 2226 1009 2308 proposuerim:
1103 2260 1105 2264 >

257 2351 284 2396 v.
310 2331 350 2396 15
371 2329 461 2395 Huic
486 2350 681 2413 metaurum
711 2329 792 2395 illud
819 2330 933 2394 ostium
956 2328 1222 2398 occlusissamam.

245 2432 286 2499 ¹v.
312 2436 352 2500 16
374 2431 479 2513 Salve,
501 2433 656 2500 valuistin
677 2453 777 2515 usque
799 2432 1023 2498 utilissimum
1045 2434 1181 2498 ostium?

258 2537 368 2603 Nonne
390 2539 497 2603 omnia
517 2536 614 2619 plana
634 2528 710 2602 sunt
732 2540 764 2601 et
784 2535 880 2617 plena
899 2535 1043 2617 leporis?

258 2641 373 2722 Amph.
396 2661 424 2705 v.
449 2641 529 2706 1091
560 2640 754 2724 Amphitruo
786 2639 836 2704 lie
866 2639 993 2720 quidem
1023 2660 1096 2705 eriis
1124 2663 1222 2723 meas,

174 2746 306 2824 propter
337 2744 525 2809 sententiam
556 2744 684 2826 quidem
714 2747 761 2807 est
787 2740 937 2808 facillime
966 2741 1077 2808 abesse
1106 2752 1222 2827 potest,

175 2845 232 2909 sed
261 2863 465 2910 numerorum
498 2864 595 2911 eausa
616 2844 731 2911 Kiessl.
765 2846 914 2924 addest,
947 2845 1222 2927 quandonam

175 2952 297 3012 textum
327 2948 456 3029 recepit.
500 2948 589 3025 Quae
620 2948 800 3014 emendatio
829 2948 979 3030 quoniam
1000 2946 1152 3015 facillima
1173 2957 1223 3016 est

175 3049 350 3132 improbari
379 3051 432 3116 vix
452 3055 569 3133 potest.
612 3049 709 3115 Nulla
731 3055 837 3115 autem
859 3069 894 3116 re
917 3068 1165 3134 summovemur,
1186 3059 1224 3119 ut

177 3153 299 3235 aliquid
320 3159 479 3220 mutemus

261 3258 354 3321 Truc.
383 3276 411 3323 v.
443 3258 505 3323 808
529 3256 630 3323 Puer
666 3257 793 3339 quidem
825 3257 953 3322 beatas:
990 3264 1109 3324 matres
1141 3261 1224 3326 olaus

177 3359 270 3426 labet
290 3365 321 3424 et
342 3362 433 3426 auius
455 3362 547 3440 duas,

261 3483 335 3529 nam
365 3463 526 3546 permulta
547 3464 611 3528 iam
634 3463 800 3529 attulimus
824 3462 868 3545 (p.
894 3463 949 3544 12)
971 3462 1131 3547 exempla,
1153 3467 1223 3549 qui-

176 3567 236 3632 bus
252 3567 433 3632 ostenditur
454 3586 551 3650 saepe
573 3567 618 3633 sie
633 3567 738 3631 omitti
761 3571 815 3645 est,
837 3567 1026 3648 praesertim
1049 3567 1077 3632 si
1099 3570 1225 3651 quidem

178 3689 254 3752 pars
277 3675 326 3735 est
347 3671 513 3736 enuntiati.
557 3671 600 3736 Et
620 3668 716 3734 liceat
746 3668 826 3733 mihi
847 3668 899 3733 hie
921 3669 1103 3736 adscribere
1124 3673 1237 3737 simil·-

178 3772 289 3838 limum
317 3772 422 3838 locum
450 3773 612 3855 Propertii
641 3771 667 3852 Ι,
690 3772 719 3852 3,
749 3772 790 3836 39
830 3771 929 3855 alpia
959 3773 1086 3854 quidem
1112 3774 1224 3856 facies,

172 3896 236 3958 pro
258 3896 323 3960 qua
344 3876 394 3940 uel
415 3876 514 3941 obiret
531 3875 681 3941 Achilles.
992 3881 997 3890 ’

263 3978 342 4055 Quis
372 3983 480 4045 autem
512 3978 636 4043 dubitet
672 3979 712 4043 de
741 3977 835 4043 Pueu.
868 3999 896 4044 v.
927 3979 966 4044 61
1007 3999 1115 4044 eoram
1143 3979 1226 4044 alter

178 4081 269 4161 uinit,
299 4081 382 4146 alter
412 4086 567 4147 emortuos
596 4081 651 4163 qui
681 4080 824 4147 meminit
852 4082 968 4164 legisse
990 4083 1077 4163 apud
1098 4080 1161 4147 Oia.
1184 4083 1226 4154 ad
