2768 4710
534 271 745 336 „99-

115 459 302 521 ¹aerraaaara
338 462 431 505 saara
468 447 501 504 ct
532 441 596 506 Mil.
627 462 655 506 v.
684 443 744 507 441
785 443 954 530 9666666Ι
981 462 1167 524 96666666

115 562 234 619 6666,·
266 543 331 605 sed.
362 561 390 604 u.
417 543 500 606 1102
528 564 666 608 sororem
694 546 851 627 9666666
880 545 991 608 adesse
1022 549 1054 607 et
1085 543 1165 608 Eun.

116 642 228 705 Auual.
255 642 297 707 42
328 664 483 727 9666666
512 666 609 710 soror.
662 646 751 722 Quae
780 664 850 710 cum
885 646 933 709 ita
963 645 1027 708 siut
1056 645 1164 725 potuit

116 742 251 808 fortasse
274 745 420 823 coniungi
441 748 568 830 966666
590 752 620 812 et
637 768 791 830 aeraaaa
812 765 912 827 oeque
935 746 1041 828 placet
1064 746 1165 826 magis

118 845 196 910 haec
219 846 281 910 duo
303 847 402 911 verba
425 854 473 913 est
492 850 612 914 inserto
635 849 783 929 disiungi.

202 947 287 1013 Trio.
310 968 338 1013 v.
362 950 425 1014 536
455 973 502 1015 66
523 972 611 1016 6666
633 951 683 1016 lio
706 952 819 1032 qaoias
842 955 902 1027 est,
924 955 961 1014 at
982 951 1027 1013 66
1047 951 1166 1014 taeitos

115 1049 287 1113 redactas!
324 1051 499 1115 rectissime
531 1071 565 1117 se
597 1052 713 1118 habere
741 1053 879 1117 vidimus
914 1071 944 1132 p.
973 1051 1033 1131 293
1066 1069 1165 1133 neque

116 1150 270 1216 Fleckeis.
294 1152 404 1218 debuit
426 1154 505 1218 Euo.
522 1174 550 1218 v.
569 1155 629 1220 178
653 1153 790 1220 scribere
813 1156 930 1218 eletast
943 1151 970 1216 si
986 1152 1163 1216 coniunxit:

116 1253 218 1318 victas
239 1274 305 1317 aaa
325 1255 417 1320 aerbo
439 1276 535 1338 quara
558 1257 636 1321 cito!
658 1255 696 1321 ci.
720 1257 805 1321 Trio.
830 1254 900 1319 706.
939 1253 1049 1336 Neque
1072 1254 1164 1318 video

117 1374 173 1420 cur
194 1355 286 1420 Ribb.
310 1357 474 1437 scripserit
496 1361 641 1424 redditast
662 1359 777 1423 Pacuu.
801 1356 862 1437 frg.
886 1357 947 1421 269
970 1355 1014 1420 Id
1034 1358 1097 1421 oiri
1119 1362 1167 1420 est

117 1459 266 1539 officiam,
287 1460 381 1538 fletas
402 1461 547 1526 muliebri
569 1464 696 1545 iaaeaio
719 1461 849 1525 additas
871 1458 919 1522 Dc
942 1459 1028 1522 Asin.
1051 1479 1079 1522 v.
1104 1458 1166 1522 174

118 1558 194 1623 nibil
219 1560 297 1626 certi
320 1560 472 1627 affirmari
493 1570 609 1645 potest.

202 1661 412 1728 Transeamus
436 1664 477 1728 ad
500 1667 666 1731 enuntiata
687 1663 894 1730 subordinate
910 1668 1006 1744 atque
1029 1662 1163 1743 primum

119 1764 263 1844 exemplu
287 1764 327 1830 ab
359 1766 430 1829 aliis
452 1767 659 1847 scriptoribus
682 1767 819 1846 repetita
841 1764 1018 1829 afferamus.
1064 1764 1096 1828 Si
1120 1765 1164 1828 Ie-

117 1867 221 1946 giruus
244 1866 306 1932 Cic.
337 1868 379 1930 66
402 1868 469 1932 Att.
493 1868 560 1951 XV,
583 1871 635 1950 40,
671 1871 687 1933 1
721 1870 777 1933 sed
805 1889 845 1933 ae
875 1869 904 1931 is
934 1868 1076 1948 qaidera,
1110 1867 1166 1948 qai

119 1970 257 2033 oraar'ara
286 1970 484 2052 flayitlorara
506 1976 635 2050 caeter,
666 1972 741 2036 beae
763 1971 802 2034 66
823 1973 948 2047 aestro;
980 1969 1074 2031 etad
1100 1970 1165 2032 Aa.

120 2071 188 2151 VII,
211 2073 240 2148 3,
262 2071 282 2134 2
305 2073 362 2135 sed
382 2093 422 2135 66
444 2073 610 2150 dubitaris,
633 2075 712 2154 qaia
734 2073 819 2153 qaod
840 2070 1009 2148 borrestias,
1030 2070 1067 2133 id
1089 2070 1166 2133 raibi

115 2173 263 2255 fataraar
284 2175 327 2237 sit
348 2175 525 2255 aatiqaias,
546 2174 625 2238 falso
648 2180 695 2239 est
715 2172 863 2237 additur:
893 2172 963 2249 XII,
985 2172 1036 2250 38,
1058 2172 1077 2235 3
1100 2171 1165 2235 siae

116 2275 200 2339 barac
222 2274 454 2339 aberrationem
476 2299 497 2340 a
520 2277 626 2341 dolore
641 2277 815 2359 66669666,
839 2296 921 2357 qaae
943 2273 1165 2339 liberalissima

116 2377 266 2458 doctoque
298 2379 421 2442 boariae
450 2380 638 2462 6696666666
670 2379 802 2444 laudari
831 2398 880 2441 66
902 2378 998 2441 etiam
1020 2380 1163 2457 oportere

117 2497 188 2541 uam
212 2479 308 2543 etiam
331 2481 369 2558 X,
397 2482 443 2559 12,
469 2484 480 2543 1
507 2482 657 2562 legimus:
691 2481 770 2562 qaid
790 2479 867 2544 aila·
888 2471 1014 2561 quidem
1035 2478 1163 2542 raiaiare

116 2600 240 2659 66666,
263 2583 319 2662 qai
338 2588 368 2646 et
389 2588 420 2648 te
441 2604 583 2661 aessem;
605 2588 637 2647 et
653 2582 679 2647 si
703 2588 788 2647 recte
803 2581 944 2649 traditur
966 2580 1007 2643 ad
1022 2580 1091 2644 Att.
1107 2580 1163 2656 XI,

116 2682 167 2760 24,
190 2683 210 2746 2
235 2684 274 2747 66
295 2688 488 2763 testameato,
511 2687 596 2767 qaod
611 2690 676 2749 tara
689 2686 821 2767 factam,
845 2704 942 2765 quara
960 2682 1019 2747 illa
1033 2682 1164 2746 haerere

118 2791 278 2866 coeperat,
302 2784 382 2851 falso
405 2787 536 2852 additur
559 2792 609 2850 est
625 2791 700 2868 post
722 2786 847 2851 liabitas
869 2786 911 2850 ad
932 2783 1006 2848 fam.
1029 2784 1068 2862 X,
1091 2785 1120 2860 6,
1142 2783 1162 2846 3

117 2889 292 2970 complures
312 2890 349 2953 ia
367 2889 607 2970 perturbatioae
632 2889 847 2970 reipublicae
870 2886 1054 2952 coasalares
1077 2885 1163 2963 dieti,

116 3012 250 3072 qaorara
270 3013 361 3055 6666
384 2992 562 3056 6666666666
584 2991 726 3068 babilas,
754 2991 820 3053 alsi
841 2990 896 3071 qai
917 3026 968 3051 -.
991 2988 1113 3052 Deinde
1136 2985 1162 3050 si

116 3099 203 3159 recte
226 3094 366 3158 traditur
389 3092 430 3156 ad
447 3095 512 3157 aa.
536 3093 562 3173 I,
585 3092 636 3170 24,
659 3093 679 3157 6
701 3092 754 3156 ille
776 3091 858 3155 alter
879 3111 945 3153 aao
966 3091 1042 3154 citio
1056 3089 1162 3152 ralaas

116 3198 247 3261 vitiosas
263 3198 347 3278 qaool
359 3197 456 3273 66666,
478 3196 564 3277 qaod
577 3195 679 3259 soraai
691 3193 815 3275 616666,
832 3193 917 3274 qaod
929 3193 1096 3272 imperitas
1110 3227 1162 3267 -,

117 3297 194 3362 nibil
218 3298 463 3363 desiderandum
487 3301 537 3361 ost
559 3299 598 3362 ad
622 3296 697 3361 tam.
719 3295 792 3376 XII,
815 3293 870 3376 30,
890 3294 911 3356 4
932 3294 1015 3358 aibil
1032 3313 1163 3374 possam

117 3401 173 3465 tibi
195 3401 349 3482 opitulari
371 3401 456 3482 qaod
477 3405 508 3464 et
529 3400 621 3465 orbas
645 3403 703 3478 [est
717 3397 805 3480 add]
828 3399 960 3461 seaatas
982 3395 1163 3460 eoasalilas

117 3504 252 3567 amissis.
307 3502 450 3583 Denique
487 3521 556 3566 cum
589 3502 667 3567 haec
698 3499 898 3564 inveniantur
931 3497 1090 3578 exempla:
1119 3497 1162 3560 ad

117 3607 184 3669 aa.
206 3605 262 3682 IX,
287 3607 335 3681 ll,
362 3606 373 3665 1
401 3605 459 3668 etsi
480 3606 535 3668 vire
555 3604 724 3668 verisimile
737 3603 811 3666 raisi
830 3606 935 3665 taraea
955 3600 1045 3680 XIII,
1066 3599 1119 3679 44,
1144 3599 1159 3661 1

117 3729 135 3771 6
164 3709 273 3771 saaais
301 3711 375 3770 bras
404 3707 543 3780 litteras,
577 3707 634 3770 etsi
663 3705 779 3770 acerba
801 3723 931 3785 pompa.
975 3701 1046 3778 IV,
1064 3701 1112 3778 17,
1141 3700 1163 3764 4

116 3810 173 3874 sed
195 3814 300 3873 taraea
322 3809 381 3872 etsi
402 3807 527 3873 uberior
543 3808 718 3873 liberalitas
733 3808 837 3883 balac,
858 3805 981 3888 arctior
996 3825 1062 3868 esse
1076 3804 1161 3867 oide-

117 3912 211 3976 batar
233 3931 358 3988 eoram,
389 3912 445 3992 qai
467 3915 666 3991 occuparant
687 3909 757 3985 XII,
791 3908 840 3988 10,
863 3909 883 3971 2
905 3907 958 3970 sia
980 3907 1059 3987 qaid
1077 3907 1162 3988 forte

118 4013 294 4092 titabataa,
317 4012 445 4077 minime
467 4010 618 4077 debemus
641 4014 687 4074 est
708 4010 826 4075 addere
848 4025 919 4074 curu
942 4007 1096 4072 Lambino
1119 4008 1161 4071 ad

909 4113 925 4171 7
937 4107 958 4144 ὕ
