2790 4988
651 308 863 373 „90-

237 481 347 558 coeptu
369 469 532 559 exequar,
565 497 637 542 narn
668 479 765 544 etiam
787 479 903 544 Accius
932 477 991 559 ng.
1015 477 1092 544 202:
1127 498 1209 559 quae
1230 499 1284 562 eqo

235 579 356 662 iucipio
379 584 495 645 cauata
518 602 658 663 exequar

319 681 384 746 Mil.
409 701 436 746 v.
460 683 523 748 395
545 683 614 750 Bc:
647 683 772 749 Facere
795 687 921 750 cature.
943 684 990 748 A:
1022 688 1141 748 certum
1162 688 1210 748 est
1229 704 1284 750 ne·

236 803 297 867 que
318 781 388 850 fieri
410 805 472 850 non
492 786 607 867 potuit,
630 792 667 852 nt
689 791 737 852 est
756 786 788 850 in
810 784 873 852 fine
894 805 1005 854 versus
1028 786 1208 852 adderetur.

322 886 537 968 Substantiva‚
561 908 581 953 a
602 890 718 971 quibus
739 890 858 972 pendet
873 886 1057 968 infinitivus,
1080 889 1284 956 inueniuntur

236 990 304 1055 sine
327 994 374 1054 est
393 991 479 1072 apud
500 990 594 1072 Verg.
612 992 690 1058 Aen.
705 992 761 1071 IV,
785 992 846 1057 113
869 991 925 1056 tibi
945 991 1000 1073 fas
1021 991 1165 1056 auuuuue
1187 997 1284 1074 temp·

236 1097 306 1157 tare
329 1093 496 1175 precaudo
524 1094 579 1173 IV,
609 1093 673 1160 565
701 1115 767 1160 ueu
797 1095 885 1179 fuqis
918 1092 994 1159 tiae
1020 1113 1180 1176 praeceps
1209 1095 1284 1160 dum

229 1196 451 1278 praecipitare
476 1197 646 1278 potestas?
680 1197 776 1280 Prep.
806 1197 848 1277 11,
882 1197 910 1276 1,
940 1195 980 1261 47
1012 1195 1085 1261 tuus
1112 1196 1149 1260 iu
1178 1217 1285 1262 araus

237 1300 327 1377 mori,
350 1299 423 1365 usus
438 1299 543 1364 attera
556 1301 586 1364 si
600 1301 718 1379 datm,-
739 1300 765 1380 I,
787 1299 818 1379 2,
841 1299 883 1364 23
904 1297 1099 1363 Praesertim
1121 1299 1149 1364 si
1164 1299 1283 1365 inueni·

235 1421 307 1466 mus
329 1403 416 1483 apud
438 1400 553 1467 Catuli.
577 1403 628 1483 62,
651 1404 688 1468 3:
718 1422 848 1486 surpere
875 1401 941 1466 iam
971 1405 1094 1482 tempus
1123 1400 1190 1466 iam
1205 1403 1283 1484 piu·

233 1503 306 1586 quis
329 1503 473 1585 linquere
489 1525 616 1570 meuses
638 1510 671 1570 et
685 1506 763 1570 Aen.
784 1505 858 1584 XII,
883 1505 943 1570 157
966 1523 1031 1568 usu
1053 1503 1206 1570 uacuis
1228 1504 1285 1569 hoe

236 1610 367 1688 tempus,
397 1608 447 1672 ait
468 1606 627 1673 Saturuia
657 1607 743 1673 que
772 1607 867 1689 Prop.
890 1608 933 1687 Π,
958 1608 1007 1687 10,
1038 1608 1054 1670 1
1078 1607 1135 1672 sed
1162 1610 1285 1690 tempus

236 1708 375 1774 lustrare
406 1709 482 1775 aius
503 1709 664 1775 Helieeua
694 1710 814 1775 abusu
835 1710 923 1775 haud
944 1710 1010 1776 scic
1032 1728 1073 1774 au
1094 1707 1177 1773 falso
1200 1710 1284 1774 desi-

235 1811 365 1876 deretur
391 1804 462 1904 test’

319 1915 407 1980 Asin.
440 1936 467 1981 v.
500 1917 562 1982 912
593 1915 730 1998 Tempus
761 1915 935 1981 subducere
968 1914 1042 1980 iiiuc
1073 1935 1135 1994 ure,
1168 1916 1284 1997 pulcre

234 2036 300 2082 unu
320 2018 427 2103 qiiscit
441 2019 603 2102 proelium
623 2018 661 2082 In
683 2019 710 2083 B
732 2019 823 2084 deest
845 2022 892 2083 est
912 2018 1009 2084 etiam
1030 2018 1144 2100 rinph.
1168 2038 1196 2083 v.
1219 2018 1283 2085 529

237 2120 374 2204 Tempus
396 2159 437 2167 -
460 2121 546 2187 exire
576 2143 615 2186 er
644 2121 721 2186 urbe
744 2121 939 2203 priusquam
971 2120 1111 2186 lucescat
1137 2121 1205 2186 ecia
1225 2123 1284 2187 sed

233 2224 287 2289 hic
315 2230 400 2291 recte
429 2225 567 2290 additur.
611 2222 722 2306 Neque
743 2242 819 2289 vere
850 2224 1039 2289 mutandum
1062 2242 1173 2289 censeo
1194 2224 1283 2289 Asin.

235 2346 262 2392 v.
286 2328 349 2393 376
379 2328 450 2393 dico
470 2331 509 2392 ut
528 2347 607 2392 usus
627 2327 702 2409 lieri
722 2328 871 2409 quoniam
894 2327 991 2392 etiarn
1014 2346 1094 2409 opus
1115 2330 1176 2405 est,
1198 2328 1285 2409 quod

234 2430 318 2494 idem
341 2427 508 2510 significat,
530 2430 599 2494 sine
621 2434 668 2494 est
688 2447 785 2511 saepe
806 2431 976 2496 invenitur.

319 2531 430 2615 Neque
463 2533 630 2614 qnisquam
653 2532 819 2598 obvertere
847 2532 941 2598 debet
962 2531 1063 2597 multe
1085 2533 1214 2613 saepius
1236 2533 1282 2596 in·

234 2635 336 2700 veniri
365 2635 477 2717 plenas
508 2633 678 2716 formulas,
708 2653 782 2700 narn
812 2636 994 2701 conceditur
1016 2634 1165 2700 Plautum
1189 2639 1284 2726 tcerta

234 2728 297 2802 res'
333 2738 402 2803 sine
431 2743 478 2804 est
512 2737 693 2819 scripsisse,
732 2757 924 2821 quamquam
957 2739 1086 2820 saepius
1119 2743 1167 2803 est
1194 2738 1283 2803 addi·

234 2843 304 2905 turn
328 2846 392 2906 est:

321 2943 418 3009 Stich.
440 2962 469 3009 v.
492 2944 554 3010 437
590 2944 738 3010 Promitte
760 2964 784 3009 z:
812 2941 978 3010 Oertumrt.
1001 2962 1025 3008 z:
1049 2940 1104 3008 Sic
1130 2944 1205 3026 face
1233 2945 1284 3009 iu-

236 3066 332 3129 quam
355 3066 380 3110 ::
408 3043 577 3114 Carteres

319 3148 375 3213 ubi
390 3153 438 3214 est
450 3148 544 3216 facile
555 3151 588 3215 in
603 3148 666 3215 fine
680 3168 792 3216 versus
806 3150 882 3214 addi
896 3149 1005 3232 potuit
1019 3168 1039 3214 a
1054 3149 1169 3215 ceteris
1184 3148 1283 3230 libris,

235 3253 320 3334 qued
341 3253 371 3316 A
391 3272 454 3318 non
470 3251 583 3332 habet3
606 3253 663 3318 sed
680 3251 746 3317 Mil.
762 3272 789 3317 v.
807 3253 867 3317 297
891 3253 1006 3318 ceteri:
1029 3251 1095 3318 Res
1110 3256 1286 3334 paratust:

235 3355 268 3419 ui
291 3355 533 3438 puquaudoque
564 3355 718 3420 homiuem
746 3375 860 3437 capere
891 3359 979 3420 certa
1007 3376 1068 3433 res,
1089 3355 1119 3419 A
1141 3359 1287 3436 caperest

237 3461 324 3522 certa
345 3477 415 3536 res;
444 3457 540 3522 Mera.
564 3477 591 3522 v.
615 3459 676 3524 857
699 3458 727 3522 Β
749 3476 875 3541 quoque
895 3456 1011 3522 habet:
1042 3461 1130 3522 certa
1150 3461 1216 3522 rest
1236 3477 1285 3521 rue

135 3626 138 3633 ,
236 3580 389 3642 quaerere
410 3560 465 3638 (02
499 3581 551 3624 res
573 3560 652 3644 est);
684 3561 766 3625 Rud.
788 3580 816 3625 v.
841 3559 902 3625 175
924 3559 1075 3640 legimus:
1107 3559 1285 3624 iusiuusi

237 3662 383 3744 capessit,
404 3662 496 3728 salua
517 3685 569 3728 res
576 3685 587 3743 ;
609 3684 637 3728 v.
662 3663 743 3728 1037
768 3665 888 3728 autern:
911 3660 1012 3746 Euqe,
1034 3661 1126 3727 salua
1146 3662 1197 3726 re's
1218 3665 1284 3726 est:

230 3766 360 3846 praecia
381 3765 459 3831 iaec
474 3771 667 3849 perpetuast
687 3786 757 3830 meu
780 3765 906 3830 Cercius
928 3764 1105 3846 exemplum
1128 3768 1177 3829 est
1191 3764 1283 3846 Capi.

236 3888 264 3932 v.
287 3868 350 3932 448
374 3866 475 3955 Perqe
497 3870 543 3934 ad
563 3869 665 3934 aiios:
694 3869 785 3933 ueuio
808 3867 853 3932 ad
881 3868 963 3933 aiios
985 3868 1098 3934 duude
1120 3868 1165 3933 aci
1185 3868 1284 3933 aiios:

236 3992 304 4036 uua
325 3992 376 4036 res
397 3971 444 4036 ii.
466 3971 590 4036 frustra
612 3972 683 4036 add.
707 3976 769 4050 est;
799 3969 942 4060 Geppert
973 3970 1101 4052 quidem
1122 3989 1283 4052 nunquam

236 4075 366 4156 scripsit
388 4079 454 4140 rest
475 4076 533 4140 sed
546 4073 664 4156 ubique
686 4078 733 4139 est
753 4078 791 4139 ut
812 4071 893 4138 false
908 4073 1052 4138 additum
1067 4072 1175 4138 omisit
1197 4071 1284 4137 velut
