2768 4710
577 300 789 365 -86-

163 475 249 536 recte
272 470 504 552 transposuerit
536 471 629 560 cquid
658 475 753 552 opust
780 462 896 535 verbu'
931 488 988 550 pro
1019 470 1098 552 quid
1130 490 1210 553 opus

163 573 294 651 uerbist,
328 590 399 635 nam
431 590 556 652 semper
584 572 616 636 in
645 571 707 639 hac
736 569 871 637 formula
901 576 948 649 est
968 571 1116 638 coalescit
1138 591 1209 638 cum

166 666 290 766 ‘opust'
323 674 371 738 De
393 675 448 738 illo
470 693 563 740 versu
585 675 773 741 Mercatoris
795 675 895 756 igitur
917 693 977 739 non
1001 672 1210 739 dubitandum

166 783 225 856 est,
256 777 332 858 quin
356 783 442 842 recte
465 777 619 843 traditum
644 777 702 843 sit:
735 778 829 868 ,quid
851 776 982 861 opusffl]
1003 768 1132 856 uerbis}
1153 777 1211 842 sed

166 898 276 945 versus
299 898 431 962 mancus
450 883 500 944 est
521 884 554 944 et
576 879 721 962 equidem
743 879 977 961 proposuerim:

254 980 340 1064 Quid
362 981 465 1065 opus[
462 981 493 1066 t]
514 981 614 1047 uerbis
628 980 799 1065 [malumst
821 983 882 1047 crui
894 986 990 1065 utque
1005 983 1121 1047 udueuu'
1135 981 1212 1060 beri,

252 1083 336 1164 quod
359 1088 469 1165 aptum
493 1102 562 1150 esse
591 1103 682 1150 nemo
705 1083 850 1167 negabit:
881 1103 953 1149 nam
986 1085 1087 1150 multa
1117 1085 1214 1151 verba

168 1185 244 1252 fecit
265 1185 429 1268 prologus,
452 1187 527 1269 quia
548 1187 648 1251 amori
671 1186 795 1252 accedit
815 1187 1058 1269 multiloquium.
1101 1187 1144 1251 Et
1167 1186 1214 1252 in·

168 1289 311 1353 venimus
342 1289 424 1353 Meu.
456 1310 484 1353 v.
514 1289 577 1354 473
605 1289 696 1356 Idem
730 1311 784 1375 epo
817 1290 958 1355 dicebaut
990 1291 1069 1372 quid
1107 1290 1216 1355 multis

169 1390 271 1455 uerbis
291 1390 433 1476 [opustfi
463 1391 517 1456 ubi
548 1397 657 1474 opust,
687 1392 771 1475 quod
794 1411 869 1458 casu
891 1393 1025 1473 excidit,
1053 1411 1072 1456 a
1094 1391 1215 1475 Pylade

169 1493 353 1557 rest'tutum
377 1501 436 1560 est.

256 1595 363 1660 Etiam
385 1596 416 1660 in
448 1597 508 1662 hac
530 1595 667 1662 formula
698 1601 734 1660 ut
756 1597 895 1665 vidimus
916 1598 990 1664 libri
1012 1603 1063 1662 ter
1083 1596 1163 1674 (Mil.
1186 1615 1216 1662 v.

173 1697 257 1760 1213
287 1702 320 1762 et
341 1698 438 1762 Mero.
461 1719 489 1763 v.
514 1699 576 1763 loo
605 1704 638 1764 et
668 1699 762 1764 Poen.
794 1720 823 1765 v.
854 1700 918 1764 428
942 1703 982 1777 Α)
1011 1699 1142 1765 verbum
1173 1703 1219 1763 est

173 1799 354 1865 omiserunt.
399 1799 462 1865 Sed
485 1800 511 1865 si
533 1801 605 1883 quis
627 1801 768 1883 postulet
799 1809 836 1867 ut
857 1802 991 1868 Plautus
1013 1802 1044 1866 in
1066 1801 1127 1867 hac
1149 1801 1219 1882 qui·

174 1903 244 1968 dem
267 1899 402 1966 formula
424 1903 485 1968 sibi
508 1908 647 1982 constet,
670 1903 780 1969 einen
804 1905 938 1970 multum
961 1905 1123 1986 obloquor,
1145 1921 1218 1969 nam
1300 1938 1304 1945 ·

175 2003 304 2070 difficile
342 2011 391 2070 est
427 2006 521 2070 certis
553 2003 669 2071 finibus
703 2007 786 2072 huno
827 2025 917 2072 usum
956 2006 1220 2073 circumscribere.

174 2108 212 2172 Id
237 2108 468 2174 concedendum
499 2113 548 2174 est
577 2106 725 2174 librarios
754 2127 814 2174 non
846 2109 950 2174 minus
979 2109 1070 2175 facile
1101 2108 1221 2174 addere

174 2209 317 2290 potuisse
338 2226 433 2289 qnam
456 2212 604 2277 omittere
633 2230 733 2293 neque
755 2211 923 2294 qnisquam
952 2229 1068 2294 negare
1088 2208 1221 2274 audebit

176 2311 323 2377 Plautum
357 2313 453 2378 etiarn
476 2315 563 2395 apud
594 2334 687 2406 <opus
710 2306 766 2379 est’
791 2313 934 2382 omisisse
957 2319 1017 2393 est,
1050 2331 1122 2378 nam
1146 2330 1222 2375 non-

177 2417 251 2481 dum
283 2417 388 2480 omnia
417 2415 584 2483 attulimus
615 2416 758 2499 exempla
786 2417 962 2482 sedetiam
994 2417 1025 2481 in
1049 2413 1223 2480 enuntiatis

178 2518 320 2584 relativis
335 2519 504 2599 omittitur,
529 2511 601 2609 test'
626 2519 693 2584 Mil.
709 2539 737 2585 v.
753 2519 815 2584 917
837 2524 1017 2585 remoratur
1039 2518 1123 2600 quod
1145 2536 1224 2598 opus
1280 2532 1285 2543 ·

180 2622 235 2703 qut
257 2622 311 2685 det
331 2620 445 2702 Amph.
461 2640 489 2685 r.
505 2621 569 2686 970
590 2627 628 2686 ut
648 2623 849 2703 adponentur
864 2622 976 2704 quibus
992 2641 1071 2704 opus
1093 2619 1121 2701 (Ι
1145 2639 1225 2706 opus

180 2726 248 2804 est).
292 2722 335 2787 Et
365 2722 445 2787 illud
478 2722 530 2786 bic
552 2741 674 2806 quoque
704 2725 835 2790 monebo
859 2742 918 2788 non
942 2724 988 2788 ita
1010 2729 1133 2790 certum
1155 2737 1225 2786 esse

181 2816 254 2918 test’
278 2842 402 2906 semper
423 2826 604 2893 adscribere
629 2818 738 2917 topus'
762 2826 923 2892 vocabulo.
967 2825 1063 2892 Velut
1083 2824 1111 2888 si
1133 2822 1226 2888 Truc.

181 2947 209 2992 v.
227 2929 290 2994 873
314 2927 455 2992 traditur
478 2930 572 3020 tquid
592 2949 628 2994 66
650 2920 755 3012 opus',
778 2929 934 3012 equidem,
957 2928 984 2993 si
1009 2919 1080 3019 test'
1104 2925 1224 2992 adden·

182 3032 257 3096 dum
281 3035 365 3096 esset
388 3030 481 3094 valde
514 3030 710 3114 dubitarem,
739 3038 848 3098 utrum
876 3030 1045 3098 scriberem
1070 3019 1161 3120 ‘eost'
1185 3046 1227 3091 an

182 3125 317 3226 ‘opustss
347 3151 419 3198 nam
449 3134 591 3199 traditur
622 3134 738 3216 Amph.
766 3155 795 3200 v.
829 3134 889 3198 341
931 3135 1010 3216 quid
1040 3137 1105 3198 eost
1143 3152 1225 3214 opus

183 3237 279 3303 Mera.
301 3236 365 3301 405
387 3235 476 3301 Nam
498 3237 576 3318 quid
596 3243 663 3303 eost
683 3258 771 3320 opus,
794 3237 883 3303 cuius
898 3235 1112 3303 collocationis
1132 3233 1228 3316 paulo

183 3338 267 3405 inlra
289 3339 385 3403 etiarn
408 3339 501 3420 plura
523 3339 739 3406 adscribamus
761 3340 914 3423 exempla.

268 3441 360 3506 Nunc
382 3441 465 3505 enim
487 3441 577 3507 nobis
599 3443 756 3525 agendum
784 3447 833 3508 est
856 3443 895 3508 de
918 3442 1014 3508 Bach.
1037 3459 1065 3505 v.
1089 3440 1151 3505 398
1174 3437 1229 3520 qui

185 3543 300 3608 summi
328 3543 479 3608 momenti
502 3551 552 3609 est
574 3545 615 3608 ad
637 3564 720 3623 rem,
750 3544 791 3608 de
817 3563 880 3625 qua
902 3546 1046 3627 agimus,
1072 3549 1159 3609 recte
1181 3540 1230 3605 di·

185 3647 397 3720 iudicandum.
434 3646 563 3712 Summa
585 3648 668 3712 enirn
684 3647 881 3712 contentione
896 3649 1052 3728 negarunt
1068 3644 1128 3710 viri
1145 3642 1231 3709 docti

186 3751 316 3816 verbum
349 3749 582 3815 substantivum
621 3752 730 3816 deesse
767 3767 858 3832 posse
889 3749 975 3830 apud
1012 3769 1148 3830 aequum
1185 3750 1233 3810 est

182 3876 250 3937 pur
272 3858 319 3919 est
340 3859 458 3919 certum
490 3860 537 3920 est
565 3855 677 3920 mellus
700 3859 760 3932 est,
781 3853 908 3918 similla.
951 3851 1102 3915 Traditur
1123 3853 1230 3914 autem

187 3957 284 4022 Bach.
307 3976 334 4020 v.
358 3958 434 4023 398:
