2790 4988
585 344 797 408 ..51-

170 511 298 577 tolerari
321 518 438 595 potest,
461 514 565 596 quoad
580 512 694 578 melius
716 512 890 579 remedium
911 513 1102 591 inveniatur,
1124 513 1217 577 dum-

170 615 262 681 modo
285 633 324 682 ne
346 637 416 681 sum
437 616 596 682 inseratur
614 615 698 698 quod
722 615 851 681 verbum
868 616 977 681 deesse
997 613 1112 680 debere
1126 613 1216 696 mihi,

168 717 229 783 nisi
241 718 347 784 omnia
358 736 409 784 me
418 719 545 798 fallunt,
559 719 744 783 documento
756 723 805 783 est
816 717 1034 784 coniunctium
1041 718 1217 800 postulem:

169 839 241 885 nom
264 821 292 885 si
307 842 376 886 surm
391 822 562 899 antecedit,
584 822 727 904 sequitur
740 820 934 886 indicativus
956 827 992 885 ut
1008 819 1090 886 Men.
1111 838 1139 884 v,
1153 820 1217 886 892

170 920 234 988 Sed
255 944 310 1007 eoo
331 924 449 989 stulius
463 944 534 989 som
556 925 612 1005 qm
626 924 715 990 iilius
729 944 795 989 esse
812 924 891 988 dico.
935 921 1023 988 Pers.
1044 943 1072 988 v.
1091 924 1132 989 75
1154 922 1219 989 Sed

168 1045 279 1090 mmm
303 1047 358 1110 eqo
379 1027 505 1105 stultus,
529 1027 673 1109 quirem
695 1046 771 1091 euro
787 1025 953 1108 pubiicum
995 1023 1081 1090 Pers.
1106 1043 1133 1090 v.
1153 1026 1216 1092 474

169 1125 288 1193 Summe
301 1129 423 1210 probus
439 1149 511 1194 sum
527 1128 654 1212 lepidus
673 1129 750 1194 civis
767 1129 824 1211 qm'
840 1165 882 1174 —
896 1127 962 1210 feci
994 1127 1077 1191 Rud.
1093 1146 1121 1191 v.
1135 1129 1218 1195 1184

170 1228 289 1296 Summe
304 1251 359 1315 eqo
374 1231 492 1297 simitms
507 1232 562 1313 qm
582 1232 685 1297 iilmmc
700 1229 977 1313 conspicientium,
999 1229 1217 1296 coniunctivus

168 1342 275 1399 entem
292 1334 453 1399 invenitur
466 1335 493 1398 si
511 1355 582 1399 sum
603 1334 635 1400 iu
651 1335 816 1400 enuntiato
837 1333 990 1415 primerio
1006 1331 1105 1413 deest,
1128 1331 1218 1397 velut

170 1436 236 1502 Mil.
259 1457 288 1502 v.
305 1438 368 1501 443
396 1435 497 1501 Immo
518 1441 642 1502 ecastor
670 1436 771 1503 simlia
800 1436 949 1513 mulium,
973 1450 1055 1517 quoe
1080 1435 1217 1517 fabuler,

170 1538 208 1604 de
239 1556 301 1619 quo
322 1557 430 1621 supra.
476 1539 538 1604 Cir.
561 1538 602 1604 nd
628 1541 693 1604 stt.
715 1539 771 1620 IV,
796 1541 845 1618 15,
868 1539 888 1603 6
911 1558 965 1622 eqo
986 1539 1131 1620 ineptus,
1162 1539 1218 1620 qm'

171 1642 361 1724 scripserim.
405 1642 483 1707 Hor.
502 1641 569 1707 Set.
587 1642 630 1720 II,
653 1643 683 1723 3,
704 1642 768 1707 236
789 1642 895 1725 smmis
910 1660 963 1724 eqo
976 1641 1139 1724 imdiymms,
1162 1642 1219 1723 qui

170 1747 295 1810 mmmm
311 1746 504 1827 possideam.
548 1745 660 1825 ltaque
674 1744 735 1810 hae
750 1762 874 1826 quoque
890 1761 987 1809 eausa
1001 1743 1217 1825 prohibemur,

168 1847 334 1927 quominus
355 1869 426 1914 sum
448 1847 493 1912 iili
515 1864 626 1911 versus
647 1847 865 1912 obtrudamus.
898 1866 969 1911 sum
984 1846 1134 1911 omissum
1154 1853 1212 1928 est,

171 1949 199 2014 si
221 1949 299 2032 quid
320 1951 423 2028 video,
445 1950 541 2015 etiem

253 2051 334 2118 Rud.
357 2071 386 2117 v.
403 2050 468 2118 520
488 2052 593 2129 Edem,
617 2053 688 2134 qm's
712 2052 792 2116 vivit
811 2071 860 2115 me
881 2049 1027 2115 mortalis
1047 2051 1216 2118 miserior?

252 2154 324 2238 Eoo
344 2155 443 2221 multo
466 2159 556 2221 tomto
578 2154 731 2233 miserim,
755 2173 852 2239 quom
874 2157 918 2231 tm,
939 2152 1082 2233 Labrax,

256 2256 342 2340 Qui?
383 2258 467 2340 Quia
489 2278 544 2342 eqo
564 2256 719 2341 imdiqmms
740 2276 826 2333 sum,
858 2258 893 2319 tu
915 2254 1046 2338 omnus,
1077 2259 1133 2342 qm'
1154 2259 1216 2323 sies

169 2376 300 2440 qnorum
324 2359 355 2425 in
379 2361 484 2427 altero
505 2377 599 2424 versu
622 2380 692 2423 som
722 2375 791 2424 esse
815 2357 1027 2440 supplendum
1051 2377 1111 2424 non
1134 2362 1212 2438 nivo,

168 2469 304 2544 apparet
327 2480 364 2526 ex
387 2461 491 2527 verbis
516 2463 586 2554 tqm'
607 2455 693 2527 sies'.

253 2565 361 2630 Etiam
384 2565 416 2632 in
432 2564 584 2648 perfectis
606 2564 725 2648 passivi
748 2569 781 2628 et
806 2564 993 2646 deponentis
1015 2565 1213 2648 saepiuscule

171 2658 268 2757 ‘sum'
291 2669 453 2735 omittitur

253 2769 368 2853 Amph.
392 2793 420 2837 v.
437 2770 499 2836 957
528 2791 573 2835 um
593 2770 631 2836 id
651 2772 720 2836 ioco
741 2770 877 2835 dimisti?
905 2770 1050 2853 equidem
1071 2773 1153 2837 sem'o
1176 2793 1215 2838 uc

168 2878 353 2939 decoratos.
376 2875 462 2956 quod
473 2873 649 2956 exemplum
661 2873 809 2955 quoniam
822 2873 977 2938 intactum
990 2881 1038 2938 est
1050 2874 1093 2956 (v.
1105 2893 1135 2955 p.
1149 2875 1214 2957 18),

169 2973 285 3041 nimine
306 2997 377 3041 sum
399 2977 645 3042 desiderandum
667 2981 732 3041 est:

251 3078 338 3143 Asin.
357 3097 385 3143 v.
397 3080 460 3146 856
482 3083 513 3145 et
529 3079 661 3144 sceleste
677 3099 733 3163 eyn
744 3083 878 3161 praeter
898 3079 980 3145 ulios
993 3100 1096 3145 memm
1109 3082 1213 3146 cirum

166 3179 256 3264 frudi
275 3186 360 3260 rota,

253 3282 389 3364 Siocmm,
407 3286 506 3369 frmqi,
523 3285 742 3365 comiimemtem,
756 3290 916 3350 umentem
930 3286 1041 3351 umoris
1057 3306 1214 3365 maxume,

254 3385 316 3463 Qui
343 3387 430 3454 locus
460 3407 516 3453 nos
538 3386 684 3464 offendit,
714 3389 789 3469 quia
810 3388 859 3453 bis
886 3389 977 3473 froci
1004 3389 1141 3469 positum
1164 3395 1214 3453 est

169 3487 344 3554 clteroutro
374 3490 441 3556 loco
471 3489 551 3556 falso
580 3490 749 3569 insertum,
784 3491 840 3555 sed
869 3491 964 3556 utro?
1006 3491 1123 3555 Omnes
1151 3491 1213 3556 viri

170 3591 255 3656 docti
278 3593 478 3658 consentiunt
500 3593 605 3673 priore
626 3592 695 3659 loco
723 3592 814 3676 froci
836 3592 1005 3657 delendum
1028 3611 1106 3675 esse,
1137 3593 1213 3675 quio

170 3693 270 3759 eitero
291 3693 360 3760 loro
381 3696 501 3776 optime
523 3695 619 3761 miiiii
638 3695 735 3762 verbo
758 3696 929 3777 opponitur
948 3700 981 3760 et
1002 3695 1078 3777 quia
1092 3695 1213 3762 Nonius

168 3814 291 3879 quoque
316 3795 360 3860 ibi
383 3796 489 3864 habet.
533 3799 576 3863 Et
599 3798 719 3864 nisiex
743 3817 771 3861 v.
788 3800 848 3865 861
872 3798 943 3883 Eoo
965 3818 1087 3880 quoque
1110 3798 1213 3864 hercle

167 3899 258 3964 ilium
282 3900 419 3966 umtehoc
440 3901 594 3966 hornimem
615 3922 738 3982 semper
758 3921 829 3966 smm
853 3903 945 3986 scuni
965 3905 1058 3966 reims
1089 3899 1213 3965 conclu-

97 4047 99 4052 ·
170 4002 307 4067 dendum
337 4009 403 4083 est,
433 4004 524 4087 frmqi
553 4003 649 4068 etiam
680 4022 707 4067 v.
728 4002 791 4066 856
814 4003 952 4084 positum
974 4021 1044 4069 esse
1065 4021 1086 4066 e
1107 4007 1212 4083 poete,

169 4103 322 4172 habemus
351 4103 468 4169 iontem
498 4124 537 4169 ex
564 4124 626 4188 quo
659 4105 805 4171 mendum
836 4102 936 4171 fluxit.
979 4105 1107 4186 Ussing.
1138 4125 1213 4190 pro-
