2790 4988
583 309 795 381 -60-

429 534 548 638 prima
569 541 764 636 singularis
785 569 951 638 persona.
1043 640 1049 651 .

255 693 358 771 Quam
381 689 474 756 facile
500 712 572 757 som
592 691 690 757 uerbo
712 707 886 770 careamus,
913 689 941 755 si
964 710 1018 773 epo
1045 689 1219 768 antecedit,

170 793 233 858 iam
264 787 429 861 docuimus
457 815 488 878 p.
511 797 530 861 9
553 813 623 861 curn
653 792 725 859 aliis
755 797 822 859 tum
849 791 901 858 his
922 791 1087 874 exemplis:
1118 790 1216 858 Mene.

168 915 197 961 v.
213 897 276 961 919
298 917 352 981 opo
367 899 495 964 stultior
514 900 570 982 poi
584 898 641 962 isti
656 897 784 962 credam
799 902 832 962 et
852 895 936 961 Men.
957 915 987 961 v.
1006 895 1069 961 605
1091 893 1143 960 Ne
1161 914 1217 979 epo

168 1003 291 1064 ecastor
312 999 428 1064 molter
448 1001 575 1078 misero,
597 1000 712 1080 Itaque
734 997 864 1063 minime
881 996 1099 1062 desideramus
1123 989 1214 1088 ‘som'

254 1100 318 1165 Mil.
342 1120 371 1166 v.
386 1103 452 1167 370
482 1122 536 1186 epo
558 1102 658 1168 stulto
688 1107 720 1166 et
738 1121 829 1166 moro
850 1100 998 1178 maltuco,
1032 1101 1122 1182 Quae
1145 1119 1218 1166 coro

167 1203 225 1269 boo
245 1205 363 1271 tosooo
383 1204 527 1286 fabulor,
550 1204 739 1286 praesertim
761 1222 833 1271 cum
855 1203 1052 1269 inveniamus

253 1305 319 1372 Mil.
344 1326 371 1370 r.
386 1306 449 1373 443
472 1306 573 1373 immo
589 1312 711 1373 ecastor
732 1306 833 1387 stulto
853 1305 995 1384 maltum,
1019 1325 1101 1389 quoe
1110 1303 1218 1370 cobio-

170 1429 241 1474 cum
260 1409 387 1491 fabulor

253 1529 363 1578 verum
386 1531 414 1578 u.
430 1513 495 1581 370
525 1512 706 1592 Aquidem
736 1516 768 1576 et
789 1511 838 1577 Ba
864 1510 1020 1593 praebent
1047 1530 1146 1588 mora,
1178 1510 1217 1576 R.

171 1618 279 1678 autem
301 1633 372 1680 cum
395 1615 449 1681 OD
472 1614 600 1696 scripsit
621 1634 734 1693 moror,
765 1611 840 1695 quia
861 1613 892 1679 ei
922 1611 1113 1694 displicebat
1141 1611 1218 1679 sub·

170 1713 287 1796 frigida
304 1718 481 1785 coniunctio
504 1716 671 1784 verborum
686 1715 770 1782 idem
786 1713 1042 1797 significantium,
1064 1715 1120 1782 sed
1141 1734 1217 1798 pro·

170 1823 242 1899 pter
263 1838 292 1884 v.
307 1819 371 1886 443
393 1820 588 1907 simillimum
610 1820 743 1887 moltam
766 1817 862 1884 etiam
882 1817 935 1900 hic
957 1819 1000 1884 ad
1021 1817 1122 1884 stulto
1143 1836 1218 1900 per·

169 1919 271 1986 tineat
299 1916 427 1988 necesse
455 1941 524 1988 esse
550 1923 789 2003 retineaturque
817 1941 908 1986 moro
944 1920 1087 2000 videtur;
1118 1920 1218 1986 etiam

169 2022 258 2089 aliud
280 2024 446 2091 Ritschelii
468 2025 681 2108 propositum:
712 2024 776 2091 Pol
796 2045 850 2109 epo
873 2045 944 2090 som
970 2044 1062 2089 moro
1077 2023 1219 2089 moltam

169 2125 297 2191 reiciam
313 2127 570 2211 statimpropter
587 2129 716 2212 fabulor
730 2127 973 2195 coniunctivum.
1013 2124 1117 2206 Supra
1131 2125 1217 2191 enim

169 2226 233 2292 iam
255 2247 352 2294 ausus
373 2248 443 2296 sum
466 2229 588 2309 afferre,
610 2230 685 2313 quia
706 2252 776 2297 som
798 2235 884 2296 recte
903 2230 1013 2296 deesse
1030 2247 1126 2312 quam
1147 2248 1217 2294 ma-

79 2404 81 2408 ·
169 2330 251 2396 xime
273 2350 461 2413 persuasum
483 2332 599 2414 babeo,
632 2333 715 2401 Men.
736 2352 765 2399 r.
785 2332 858 2413 433,
888 2332 943 2415 qui
965 2331 1012 2398 sic
1033 2330 1217 2399 traditura

169 2431 277 2499 libris:

254 2537 311 2603 seot
332 2557 386 2622 opo
414 2539 549 2605 inscitus
578 2538 657 2622 qaid
678 2538 778 2621 (quod
799 2536 840 2621 Β)
861 2557 947 2602 rome
971 2537 1131 2620 postulem
1151 2558 1218 2604 mo·

169 2639 314 2705 decolor
1055 2700 1059 2705 ,.

257 2745 361 2823 Atque
383 2744 421 2807 n.
443 2743 640 2812 existimavit
661 2741 714 2808 hic
735 2742 836 2809 latere
866 2763 989 2808 oroma
1017 2747 1051 2809 et
1072 2743 1219 2810 reddidit

170 2842 204 2907 id
225 2844 339 2909 vomui.
383 2844 452 2922 Quo
483 2846 623 2913 remedio
653 2845 729 2928 quia
758 2862 868 2912 versus
900 2845 1038 2911 nondum
1071 2852 1218 2932 sanatur,

172 2944 255 3012 idem
279 2944 404 3013 addidit
425 2969 505 3027 som,
534 2947 583 3015 Fl.
605 2951 718 3015 sutem
735 2946 873 3015 mutarit
901 2947 933 3014 in
963 2948 1123 3027 inscitior,
1154 2968 1219 3033 quo

168 3049 384 3130 comparativo
400 3050 527 3118 minime
542 3069 621 3133 opus
636 3055 694 3116 est.
718 3051 760 3117 nt
781 3051 812 3116 ei
826 3048 1035 3128 coniecturae,
1051 3043 1115 3132 qua
1129 3051 1219 3134 cogi-

169 3152 351 3218 muralium
374 3153 478 3219 locum
501 3152 640 3236 alioquin
661 3171 829 3235 persanum
844 3157 979 3232 mutare,
1001 3157 1052 3218 est
1069 3151 1220 3220 diffiden-

170 3254 256 3336 dum,
285 3257 430 3338 quamuis
460 3257 504 3321 sit
533 3256 684 3338 speciosa.
729 3256 818 3322 Sicut
846 3256 894 3321 illi
923 3256 984 3321 riri
1013 3255 1111 3322 docti·
1129 3274 1169 3321 ex
1199 3279 1219 3322 r

168 3357 278 3424 littera
309 3364 438 3424 servata
466 3358 657 3426 concludunt
687 3360 727 3424 de
756 3381 819 3439 oro,
850 3360 896 3426 sic
928 3358 1021 3424 Both.
1052 3378 1090 3424 ex
1120 3359 1144 3423 d
1174 3359 1217 3426 de

171 3461 305 3526 domiuo.
325 3524 328 3531 ,
349 3462 437 3540 Quae
453 3461 633 3528 coniectura
655 3469 705 3528 est
727 3462 826 3528 multo
841 3459 1035 3545 probabilior
1050 3459 1125 3543 quia
1143 3479 1218 3528 cum

170 3563 237 3629 loco
255 3564 430 3646 depravato
448 3564 590 3631 restituit
608 3565 701 3630 simul
720 3571 822 3631 totum
838 3582 975 3630 versum.
1005 3563 1112 3644 Atque
1127 3585 1219 3655 oum

171 3668 254 3731 serot
276 3667 373 3732 etiam
389 3669 550 3733 dooioom
571 3667 726 3750 appellari
743 3666 873 3732 Vahlen.
897 3664 1048 3748 exemplis
1069 3665 1218 3735 adhunc

171 3768 274 3834 locum
304 3770 426 3836 collatis
455 3770 580 3849 docuit,
610 3769 664 3853 qui
693 3770 776 3836 idem
807 3769 839 3834 in
870 3776 990 3835 textum
1022 3769 1142 3851 recepit
1171 3769 1218 3837 sic

170 3891 294 3938 uersum
381 3883 382 3887 ’

256 3977 313 4042 sed
326 3997 381 4061 epo
395 3976 540 4054 inscitus,
563 3975 619 4058 qai
634 3976 759 4041 dmoioo
773 3996 821 4041 ote
837 3976 997 4058 postulem
1011 3975 1217 4041 moderooter.

256 4081 457 4163 Anapaestus
473 4079 599 4144 domino
621 4098 681 4144 non
705 4079 831 4161 elegans
854 4078 907 4144 ille
928 4077 1055 4160 quidem
1078 4084 1136 4159 est,
1159 4078 1217 4145 sed
