2768 4710
652 301 865 368 -42-

325 470 402 535 Post
442 472 472 536 si
503 471 752 538 coniunctionem
793 472 902 537 deesse
935 490 1028 553 posse
1060 472 1190 538 verbum
1208 473 1286 537 ‚iam

240 572 438 638 ostendimus
460 574 615 655 exemplis
634 573 678 657 (p.
701 574 768 658 24),
791 574 847 640 sed
869 575 924 655 qui
945 575 1083 640 nondum
1105 576 1228 641 dehac
1250 595 1286 640 re

241 675 302 740 sibi
324 675 549 756 persuaserint,
572 676 596 740 ii
618 682 704 742 certo
728 677 776 742 his
797 676 874 742 locis
892 678 1132 743 convincentur:
1156 679 1220 744 Cic.
1242 679 1285 743 ad

241 778 309 841 An.
325 777 410 855 XIV,
432 777 463 856 5,
485 779 505 843 2
526 780 582 843 sed
603 780 690 844 mdes
710 781 926 862 mupistratus,
948 781 978 845 si
999 780 1125 862 quidem
1146 781 1196 845 itti
1216 802 1286 846 ma-

238 881 413 962 pistratus,·
434 881 475 944 ad
492 878 565 945 fam.
581 881 620 958 X,
643 882 694 960 26,
717 883 737 946 2
759 884 861 947 autsi
880 884 947 946 iam
962 882 1126 964 confecta;
1147 919 1189 928 —
1214 883 1287 965 XII,

242 982 292 1063 10,
316 983 335 1045 2
358 984 410 1048 sin
432 984 511 1065 quid
529 984 612 1065 forte
634 984 821 1063 titubatum·
843 984 919 1048 Hor.
942 985 1033 1064 epist.
1057 984 1098 1066 Π,
1120 986 1150 1066 2,
1176 985 1237 1049 100
1257 986 1288 1050 si

234 1086 313 1166 plus
343 1106 516 1167 apposcere
543 1086 646 1164 maus,
676 1088 715 1168 dt
742 1087 956 1152 Mimnermus
985 1087 1067 1150 Rud.
1089 1105 1118 1151 v.
1142 1085 1225 1153 1075
1248 1086 1287 1153 Si

241 1189 295 1253 itte
319 1192 347 1253 te
370 1188 573 1270 comprimere
594 1188 714 1265 solitus,
745 1188 796 1253 bic
817 1210 875 1254 nos
895 1194 1002 1254 noster
1024 1210 1089 1254 nan
1110 1190 1187 1255 sodet
1208 1189 1288 1254 Hec.

239 1311 268 1355 v.
286 1291 348 1357 780
370 1288 430 1356 Sin
452 1296 557 1356 autem
580 1290 616 1355 ob
638 1311 706 1355 eam
726 1311 794 1355 rem
813 1292 920 1356 iratus
939 1289 1057 1376 anaba
1079 1291 1143 1372 (A).
1164 1291 1282 1373 Itaque

241 1393 319 1457 nihil
343 1394 529 1458 mutandum
552 1398 601 1457 est

325 1495 418 1577 Epid.
443 1514 470 1559 u.
494 1495 558 1559 630
587 1493 625 1562 Si
647 1495 773 1577 quidem
793 1496 888 1560 istius
908 1498 1017 1579 pratia
1038 1494 1082 1561 Id
1105 1500 1287 1561 remoratus

240 1599 374 1662 ndnium
396 1598 556 1663 advenisti
578 1599 639 1662 cito

323 1706 356 1764 et
377 1699 490 1765 Pseud.
512 1718 639 1765 versum
661 1699 722 1764 271
751 1700 800 1764 uei
828 1700 858 1774 si
880 1701 996 1784 dipnus
1017 1701 1082 1766 atio
1098 1705 1198 1781 pacto
1220 1701 1286 1764 iam

239 1801 413 1866 attulimus.

324 1902 412 1982 Quae
435 1922 506 1970 cum
528 1905 590 1985 ita,
619 1905 683 1969 sint
715 1903 808 1968 Mero.
838 1924 868 1970 v.
900 1905 960 1970 726
989 1924 1029 1970 ne
1058 1910 1125 1970 tum
1157 1905 1287 1986 quidem

240 2006 493 2072 desideraremus
515 2029 557 2086 es,
585 2008 612 2071 si
643 2024 714 2070 cum
744 2005 917 2072 Ritschelio
948 2006 1156 2072 scriberemus
1185 2008 1287 2072 siin-

238 2110 355 2174 nom'us
384 2110 540 2174 audacter
566 2111 709 2191 quamuis
741 2110 846 2174 dicito.
890 2109 953 2174 Sed
987 2108 1127 2173 traditur
1148 2110 1214 2174 scia
1235 2111 1287 2174 in-

238 2212 370 2289 noxius,
407 2229 501 2292 quam
540 2211 706 2276 lectionem
733 2216 821 2277 recte
853 2211 1021 2277 retinuisse
1044 2210 1128 2275 mihi
1158 2211 1287 2277 videtur

238 2313 374 2394 Ussing„
406 2315 459 2394 qui
488 2318 589 2378 totum
619 2312 709 2378 illum
738 2312 841 2380 locum
870 2314 916 2378 sic
945 2312 1169 2378 conformavit:
1198 2313 1284 2379 Dor:

238 2416 373 2482 Dictum
395 2417 536 2498 oportuit

322 2520 386 2600 Ly:
408 2518 485 2584 Non
500 2539 649 2600 possum,
670 2520 719 2583 ita
739 2520 863 2584 instas:
884 2538 978 2601 urpes
1000 2518 1094 2598 qnasi
1110 2538 1174 2597 pro
1188 2520 1285 2583 nonio

324 2622 404 2685 Dor:
436 2619 526 2688 Scio:
555 2623 708 2687 innoxius
729 2621 791 2702 Ly:
821 2620 987 2686 Audacter
1019 2621 1163 2701 wamiis
1185 2621 1282 2686 dicito

324 2723 406 2801 Dor:
428 2722 494 2789 Dic
514 2723 615 2807 ipitur

324 2825 372 2889 De
395 2827 478 2891 Men.
500 2844 529 2890 r.
551 2825 615 2891 293
638 2824 703 2893 Seu
734 2830 769 2890 tu
796 2822 970 2908 Optindrus
1000 2846 1057 2889 seu
1082 2823 1286 2905 Coriendrus,

237 2930 376 3010 perieris

325 3031 488 3096 eominus
510 3031 631 3110 dubito,
660 3032 744 3113 quod
768 3022 826 3122 <tu’
850 3029 1018 3095 antecedit.

327 3133 423 3198 Mero.
447 3153 476 3198 v.
499 3134 562 3200 630
584 3136 623 3199 de
645 3135 727 3199 istac
740 3130 776 3199 re
799 3139 834 3198 tn
848 3137 982 3216 arputus
1004 3154 1046 3210 ea,
1069 3137 1106 3198 ut
1121 3154 1189 3216 par
1206 3136 1287 3216 pari

238 3237 432 3318 respondeas

324 3338 381 3403 Ad
393 3341 550 3404 mandata
571 3340 714 3416 adrudus,
738 3359 860 3416 caecus,
881 3342 997 3414 mutus,
1018 3358 1161 3416 mancus,
1177 3339 1288 3404 debitis

329 3463 361 3506 es
384 3442 513 3506 verbum
547 3442 578 3505 in
608 3441 709 3506 altero
739 3458 833 3504 versu
863 3441 905 3504 ad
934 3439 1194 3520 perspicuitatem
1216 3457 1287 3505 sen·

242 3544 361 3609 tentiae
382 3544 512 3608 minime
534 3545 750 3610 desideratur:
773 3544 809 3608 R.
832 3541 967 3606 trustra:
998 3543 1143 3607 ctaudu’s

326 3645 598 3713 Pseudulum
629 3647 736 3730 Atque
769 3645 878 3726 edepol
919 3665 1112 3727 quamquam
1148 3667 1289 3727 nequam
1345 3666 1350 3676 ·

241 3752 328 3816 bomo
349 3754 433 3815 recte
448 3769 573 3813 mones:
595 3750 640 3813 sic
655 3750 684 3812 Α
699 3747 815 3814 habere
829 3748 965 3826 uidetur,
988 3767 1060 3814 cum
1076 3750 1174 3814 ceteri
1192 3769 1287 3831 prae-

242 3853 338 3918 beant
361 3853 449 3917 bomo
474 3873 516 3930 es,
538 3856 570 3915 et
585 3851 786 3916 Ambrosiam
808 3851 901 3916 lectio
917 3849 1099 3917 defenditur
1120 3850 1174 3917 illo
1190 3870 1289 3934 supra

241 3956 339 4020 allato
368 3952 525 4034 exemplo:
558 3955 683 4019 tametsi
714 3958 888 4036 occupatus
914 3976 1016 4020 mane.
1067 3955 1162 4035 Epid.
1192 3973 1221 4026 u.
1243 3956 1288 4022 96

240 4079 378 4142 nequam
399 4057 487 4122 borno
509 4077 550 4136 es,
571 4056 710 4140 Epidius
731 4056 794 4121 huc
816 4055 894 4121 nihil
915 4055 1003 4124 facit.
