2790 4988
585 299 712 408 ‘5⁷⁶
755 336 798 346 -

170 471 261 535 hodie
281 492 330 534 me
352 509 391 518 -
418 472 572 538 Tetutisse
594 472 754 538 auaitium
774 477 807 537 et
829 491 866 535 ex
885 471 980 537 Merc.
996 492 1024 537 v.
1041 473 1103 539 298
1127 473 1219 537 Beue

170 574 272 639 hercle
299 575 425 657 factum
456 580 486 639 et
514 596 579 640 esse
609 575 933 664 factumqauateofi.
956 575 1086 640 chene
1112 575 1219 640 hercle

170 670 357 741 factumest
379 683 412 743 et
434 696 501 741 esse
525 676 644 742 lactum
667 678 802 757 gaudeo)
824 683 961 758 apparet
983 678 1219 743 exclamationis

171 777 289 841 nullum
321 797 390 843 esse
423 780 540 858 locum,
583 797 684 859 neque
723 781 824 861 magis
857 780 950 860 Epid.
981 781 1043 846 707
1079 781 1220 845 Factum

170 880 272 945 hercle
293 902 366 946 uero
388 887 419 947 et
445 887 529 946 recte
555 882 679 964 factum
700 883 823 960 iudico,
858 882 951 948 Most.
971 902 999 946 v.
1023 884 1103 949 1147
1127 883 1219 947 Beue

168 982 271 1048 iterate
291 983 415 1065 factum
438 990 468 1049 et
487 985 612 1066 factum
632 986 764 1068 caudeo.

259 1085 312 1149 Sin
344 1093 451 1150 autem
481 1106 551 1151 cum
578 1087 702 1169 factum
731 1086 827 1152 verbo
855 1086 1014 1153 ablativus
1036 1088 1222 1151 coniunctus

173 1193 237 1267 est,
267 1194 333 1252 tum
358 1207 448 1253 nemo
471 1189 555 1269 loqui
578 1196 684 1270 potest
707 1191 747 1254 de
769 1189 1002 1255 exclamatione.
1046 1189 1159 1269 Itaque
1180 1190 1218 1253 R.

170 1307 359 1371 quamquam
376 1291 472 1356 Bach.
488 1310 516 1356 x.
532 1291 596 1357 295
619 1291 790 1375 Sapieuter
803 1293 927 1374 factum
947 1314 969 1357 a
988 1292 1073 1357 cobis
1088 1300 1219 1372 propter

172 1411 318 1459 numeros
340 1400 511 1462 concedere
533 1396 654 1476 debuit,
676 1403 788 1461 tamen
805 1395 892 1461 Pers.
915 1415 944 1459 v.
967 1395 1030 1459 774
1054 1394 1127 1458 Tua
1146 1394 1219 1475 fac·
1296 1402 1303 1409 ’

171 1500 236 1559 tum
259 1517 357 1578 opera
378 1499 505 1564 addidit
526 1498 648 1563 frustra
669 1498 701 1563 in
724 1496 786 1562 fine
808 1517 918 1563 versus
941 1503 1006 1561 est:
1036 1501 1164 1578 operast
1185 1502 1218 1560 et

170 1597 264 1662 Most.
279 1619 307 1664 v.
323 1600 365 1663 33
394 1601 518 1666 Virtute
539 1603 576 1666 ici
593 1603 717 1684 fuctum
740 1605 798 1666 tua
820 1606 850 1665 et
869 1601 1051 1684 munisterio
1073 1604 1126 1663 tuo
1149 1617 1218 1662 mu-

171 1701 253 1764 tavit
284 1706 340 1766 tua
372 1703 454 1768 etin
478 1709 567 1768 tuost
587 1697 696 1781 facile,
719 1703 775 1768 sed
798 1702 894 1783 falso,
918 1720 988 1765 narn
1013 1707 1059 1765 est
1080 1709 1218 1781 ponatur

171 1802 299 1866 minime
328 1811 455 1887 oportet
484 1812 517 1871 et
546 1807 748 1887 asyndeton,
768 1805 852 1886 quod
882 1804 1059 1880 inducitur,
1093 1803 1218 1867 abhoc

169 1902 237 1968 loco
267 1905 404 1971 alienum
436 1915 494 1973 est.
538 1896 709 1973 Praeterea
740 1908 768 1972 si
798 1907 940 1972 videmus
968 1907 1060 1970 Truc.
1091 1924 1119 1969 r.
1155 1906 1216 1969 167

176 2006 291 2072 Vestra
320 2010 422 2075 hercle
457 2011 582 2093 factum
609 2012 734 2076 iniuria
765 2032 847 2093 quae
871 2009 1105 2091 properavistis
1136 2008 1216 2085 otim,

169 2125 226 2190 ego
249 2129 309 2174 non
333 2113 445 2178 dubito
467 2132 537 2177 cum
560 2112 677 2178 Vetere
698 2112 835 2178 scrihere

254 2213 339 2277 Trin.
363 2233 391 2278 v,
417 2217 499 2281 1166
521 2213 560 2280 Si
580 2216 617 2280 id
637 2236 707 2281 mea
729 2216 892 2281 uotuutate
912 2214 1044 2296 frictum,
1068 2214 1220 2294 estquod

168 2315 246 2379 milei
266 2337 454 2383 succenseas

254 2419 308 2484 OD
325 2419 444 2484 habent
464 2420 620 2501 factumst
640 2420 743 2503 queat·
764 2421 801 2484 R.
817 2425 923 2484 autem
947 2437 1017 2484 cum
1035 2418 1217 2484 Camerario

169 2520 294 2585 scribit:
324 2524 486 2604 factumst,
519 2527 572 2586 est.
616 2521 762 2588 Profecto
778 2523 869 2610 ¹haec
898 2522 959 2584 duo
989 2527 1037 2586 est
1063 2521 1153 2602 peius
1184 2521 1215 2584 in

169 2642 263 2688 aures
284 2623 439 2705 incidunt,
469 2642 565 2704 quam
587 2623 641 2688 ille
668 2624 793 2701 hiatus,
824 2624 877 2705 qui
900 2623 979 2688 nihil
1001 2624 1098 2688 hahet
1121 2623 1217 2687 offen·

169 2727 282 2804 sionis;
314 2733 346 2791 et
375 2726 456 2791 illud
486 2727 576 2808 prius
599 2732 646 2791 est
667 2727 795 2790 minime
818 2725 1015 2808 postulatum
1047 2745 1088 2791 ne
1108 2733 1216 2790 autem

169 2828 240 2908 quis
264 2835 479 2910 spectatorum
510 2829 713 2910 coniungeret
746 2830 883 2920 (factum
911 2820 980 2908 est’,
1012 2829 1132 2893 nullum
1155 2827 1217 2893 luit

170 2931 344 3011 periculum
366 2938 498 3013 propter
520 2951 653 3012 pausam
676 2932 838 2997 diaeresis.
882 2932 1025 3013 Denique
1047 2933 1132 3014 quod
1154 2930 1215 2996 hoc

168 3038 218 3096 est
245 3035 444 3099 enuntiatum
482 3037 567 3099 asi
605 3035 774 3116 incipienS,
812 3035 876 3100 iam
912 3034 1014 3098 multa
1048 3033 1215 3099 attulimus

171 3136 315 3217 exempla
338 3157 368 3218 p.
390 3137 441 3217 42,
475 3137 590 3216 quibus
619 3138 797 3203 ostenditur
828 3138 861 3201 id
889 3135 968 3201 nihil
990 3134 1116 3201 referre.
1161 3135 1216 3198 Sin

167 3245 272 3303 autem
297 3245 407 3304 contra
435 3239 611 3304 invenimus
634 3239 703 3305 Cas.
726 3241 767 3318 II,
790 3240 820 3316 6,
844 3240 884 3304 66
907 3238 1034 3303 Pietate
1062 3238 1217 3319 factumst

167 3364 238 3407 mea
260 3347 356 3424 atque
383 3343 540 3406 maiorum
573 3362 712 3406 meorum
734 3350 767 3405 et
788 3343 875 3407 Asin.
898 3362 927 3406 v.
949 3339 1012 3405 556
1035 3340 1078 3405 Ia
1098 3341 1215 3406 autute

168 3444 263 3510 huius
294 3445 430 3528 colleoae
458 3465 590 3527 meaque
612 3446 757 3511 comitate
779 3444 917 3508 Factum
940 3448 995 3521 est,
1018 3442 1068 3507 hic
1091 3460 1215 3523 quoque

169 3546 247 3610 nihil
271 3546 357 3610 aliud
380 3548 524 3612 videmus
547 3565 641 3628 quam
663 3552 832 3628 utrumque
855 3545 967 3609 Plauto
990 3545 1128 3610 libuisse.

253 3649 363 3731 Neque
392 3651 429 3714 R.
462 3655 509 3714 est
537 3650 664 3715 addidit
685 3649 779 3712 Most.
803 3669 830 3712 v.
854 3650 917 3714 260
945 3648 1067 3730 Lepide
1096 3649 1216 3712 dictum

169 3753 208 3815 de
238 3757 417 3818 atrameuta
440 3758 535 3835 atque
565 3754 675 3830 chare,
705 3751 849 3832 quamvis
872 3770 931 3815 non
954 3751 998 3814 sit
1019 3749 1214 3815 exclamatio.

168 3854 299 3918 Brevior
322 3853 424 3921 forma
447 3866 498 3920 est
520 3856 614 3921 Poeu.
637 3874 665 3918 v.
681 3854 743 3918 657
767 3852 873 3919 Nimis
896 3854 999 3934 lepide
1021 3853 1059 3917 cte
1082 3852 1215 3932 lahoue,

168 3957 206 4022 ate
228 3956 351 4040 Sparta
374 3965 506 4042 optume.

253 4061 357 4143 Atque
386 4062 413 4126 si
445 4062 580 4144 legimus
603 4060 695 4142 Epid.
718 4078 747 4124 v.
769 4059 811 4124 35
840 4059 966 4140 Edepol
993 4059 1126 4141 facinus
1156 4060 1215 4124 c'm-
