2768 4710
584 258 711 367 255
756 334 797 346 ..

163 471 308 536 latomo
330 493 362 536 es
385 471 525 549 (lasHl,
549 471 578 553 1,
602 471 657 551 14;
686 470 789 536 Homo
819 493 872 556 ooo
902 492 972 537 som
1003 475 1038 534 to
1064 470 1153 534 buno
1175 489 1208 533 es

163 572 248 637 Trin.
270 593 300 637 v.
322 573 394 638 447.
419 573 476 658 (Αε
499 575 587 640 bomo
609 597 641 640 os
657 577 720 654 to);
744 574 834 657 Oapt.
850 593 879 639 v,
895 574 958 640 332
980 573 1081 638 Vetus
1095 571 1208 635 habet:

249 673 409 757 Optimum
437 682 532 760 otone
562 678 787 759 aequissimum
823 698 896 742 oros
927 677 1123 759 optimusque
1154 674 1208 739 bo·

162 777 284 842 minum
303 775 308 860 l
327 777 415 844 tomo
438 801 471 845 es
492 779 589 845 ceteri
611 779 701 846 libri:
725 801 757 845 es
779 779 876 861 tomo,
894 768 961 862 ‘qua
983 779 1117 844 lectione
1139 775 1208 841 hia·

164 883 217 944 tus
246 878 299 943 ille
329 880 456 962 quidem
479 882 615 962 vitatur,
646 880 702 947 sed
726 881 888 948 collocatio
912 882 1094 961 verborum,
1127 897 1210 961 quae

164 980 196 1045 in
219 981 246 1045 B
268 981 470 1062 perhibetur,
501 983 644 1066 legitima
666 988 716 1049 est
748 988 780 1049 et
802 984 835 1050 in
859 983 972 1050 ceteris
993 983 1083 1050 libris
1104 987 1210 1047 muta·

164 1081 283 1149 tionem
306 1085 535 1155 eonsilioesse
557 1084 675 1151 factam
697 1086 869 1152 verisimile
900 1091 959 1151 est.
1001 1087 1118 1152 Hiatus
1140 1084 1211 1150 tolli

164 1190 270 1266 potest
293 1189 328 1251 to
355 1187 540 1269 pronomine
561 1186 697 1270 inserto,
727 1190 811 1270 quod
833 1188 1009 1255 invenimus
1041 1188 1072 1253 in
1095 1186 1211 1254 ceteris

166 1288 327 1371 exemplis.

254 1391 359 1482 tBono
381 1392 488 1456 animo
510 1385 589 1458 esse'
612 1390 766 1459 iubentur
790 1394 932 1460 homines
954 1394 1040 1475 apud
1062 1391 1212 1457 Plautum

166 1501 199 1558 et
221 1494 404 1560 Terentium
426 1495 485 1560 sic:
509 1495 629 1578 liquido
652 1517 684 1560 es
707 1497 813 1562 auimo
828 1496 943 1562 Pseud.
958 1516 987 1560 v.
1003 1497 1082 1575 2323
1104 1495 1213 1560 couno

167 1596 289 1678 liquido
328 1601 359 1664 et
390 1598 590 1680 tanquillo’s
620 1597 714 1679 Epid.
745 1618 775 1663 v,
806 1599 885 1678 6433
924 1598 1051 1679 saepius
1087 1603 1212 1663 autem:

167 1697 244 1764 bono
266 1700 373 1764 animo
396 1720 428 1764 es
450 1698 521 1764 Aul.
543 1719 572 1763 v.
596 1700 673 1780 787;
706 1700 772 1765 Mil.
795 1721 824 1765 v.
848 1701 947 1780 11433
975 1701 1056 1764 Rud.
1079 1720 1107 1764 v.
1132 1701 1213 1778 6783

168 1800 249 1866 Adel
282 1819 310 1865 v,
338 1801 417 1880 284:
450 1802 540 1867 Adel.
562 1822 591 1868 v.
614 1803 693 1882 696;
723 1804 802 1868 Eun.
824 1822 853 1867 v.
876 1803 932 1877 84;
960 1801 1058 1867 Haut.
1081 1823 1109 1868 v.
1132 1802 1213 1879 8223

168 1902 294 1969 Phorm.
309 1924 338 1968 v.
354 1902 433 1985 9653
457 1905 534 1970 bono
556 1908 664 1972 animo
680 1928 712 1972 es
728 1906 823 1972 Mero.
839 1925 868 1972 v.
883 1905 963 1984 5313
987 1905 1074 1969 Asin.
1089 1925 1119 1969 v.
1135 1903 1214 1981 638:

168 2011 294 2071 contra:
317 2008 425 2073 cuiue
446 2008 524 2073 boon
547 2029 579 2073 es
594 2009 665 2074 Aul.
688 2029 717 2074 v.
742 2009 819 2089 732;
842 2006 957 2074 Pseud.
974 2027 1003 2071 v.
1019 2008 1099 2087 322;
1121 2006 1214 2071 Adel.

168 2128 198 2172 v.
220 2107 299 2188 5433
324 2109 491 2177 Traditum
513 2116 579 2177 est:

253 2209 319 2275 Mil.
345 2213 427 2280 1206
453 2212 566 2280 Etium
594 2235 643 2280 me
665 2215 817 2297 quomodo
850 2234 904 2299 eqo
925 2215 1029 2303 vivom
1048 2213 1118 2278 siue
1140 2217 1171 2277 te
1192 2230 1216 2275 t:

167 2290 236 2398 Aoo
258 2313 367 2379 coimo‘
387 2314 468 2381 bono

254 2438 287 2483 es
301 2418 376 2499 quia
390 2418 494 2484 omitti
517 2418 636 2500 nequit,
658 2419 769 2486 scribit
784 2420 821 2484 R.
837 2419 1009 2486 secundum
1026 2418 1215 2484 Gruterum:

170 2540 228 2605 aee
251 2541 283 2584 es
304 2520 411 2584 animo
433 2518 521 2600 bono,
543 2540 605 2603 qna
626 2522 831 2588 collocatione
846 2522 944 2588 etiam
958 2520 1066 2587 hiatus
1082 2520 1217 2586 tollitur.

171 2621 232 2699 Qui
261 2620 368 2688 hiatus
398 2629 540 2689 mutatae
570 2641 723 2706 personae
753 2625 831 2690 nibil
853 2623 952 2690 habet
983 2623 1161 2691 offensionis
1183 2628 1218 2689 et

171 2724 334 2792 collocatio
372 2724 541 2791 verborum
580 2725 620 2791 ab
654 2745 714 2792 usu
741 2727 848 2793 Plauti
884 2745 1015 2810 prorsus
1055 2725 1216 2792 abhorret.

170 2826 258 2894 Nihil
280 2831 381 2891 restat
403 2847 497 2910 quam
524 2833 560 2894 ut
582 2827 757 2896 scribamus
778 2830 848 2914 Aoo
869 2831 978 2896 ocimo
1001 2829 1079 2894 bono
1101 2850 1154 2894 es:
1183 2833 1219 2895 et

171 2930 202 2996 in
225 2929 286 2996 fine
308 2949 420 2998 versus
442 2952 475 2997 es
496 2930 590 2997 tacilo
612 2930 717 2997 omitti
739 2933 855 3014 potuit,
877 2937 974 3015 etque
998 2930 1064 2996 Mil.
1086 2950 1115 2996 v.
1132 2931 1216 2997 1342

171 3033 247 3099 item
271 3032 464 3099 invenimus:
486 3033 565 3117 Aoo,
586 3033 777 3114 Politestiio,
800 3035 879 3100 bono
900 3036 1008 3100 animo
1030 3055 1071 3099 os.

258 3134 335 3200 Cum
358 3157 380 3201 u
402 3135 503 3201 vocali
524 3134 611 3202 finali
633 3137 780 3203 coalescit
803 3159 835 3203 os
856 3138 1066 3220 depositum,
1088 3141 1125 3202 ut
1147 3135 1218 3203 hia·

172 3244 225 3305 tus
240 3237 392 3305 evitetur:
415 3238 513 3304 Bech.
528 3258 557 3303 v.
575 3240 615 3305 74
637 3241 684 3306 A:
697 3242 831 3306 nimium
839 3242 985 3323 proboso
1000 3261 1032 3306 es
1048 3241 1199 3322 operario
1207 3263 1219 3320 ;

172 3341 260 3406 Asin.
284 3359 311 3405 v.
342 3339 405 3406 518
437 3342 517 3406 sotis
546 3342 696 3409 dieoeolo
726 3364 758 3408 es
789 3345 949 3422 amotio:
984 3361 1012 3406 v.
1044 3342 1106 3408 674
1137 3344 1220 3408 sotis

172 3445 253 3511 bello
285 3465 318 3509 es
347 3447 443 3527 utque
472 3445 636 3525 monim
667 3445 739 3510 Aul.
762 3466 791 3511 v.
815 3445 878 3510 174
903 3445 968 3510 scio
990 3446 1068 3527 quid
1090 3445 1221 3510 dicturo

173 3569 206 3613 es
227 3547 305 3626 leuc;
336 3546 428 3612 Truc.
452 3567 479 3612 v.
502 3546 564 3613 528
593 3549 630 3614 id
656 3550 704 3614 ito
732 3569 798 3613 esso
820 3552 951 3631 experto
974 3568 1025 3612 es:
1056 3548 1220 3630 experiere

94 3654 95 3657 ’
173 3671 221 3715 em
242 3670 330 3715 nunc
352 3649 571 3733 Adiungamus
595 3653 703 3732 (atque
724 3651 859 3734 primum
884 3669 922 3714 ea
944 3650 1087 3733 exempla
1102 3649 1219 3731 quibus

172 3752 268 3834 longa
288 3752 411 3835 syllaba
433 3750 581 3834 efficitur)
604 3753 794 3820 Caenidi
817 3752 905 3818 sotio
925 3773 1010 3818 soon
1032 3753 1088 3818 e‘s?
1110 3751 1220 3834 Nom,-

174 3855 269 3922 Merc.
298 3855 363 3922 500
390 3877 462 3921 meo
493 3877 525 3921 es
553 3861 605 3936 to:
633 3856 725 3921 Most.
755 3874 784 3921 v,
815 3855 877 3920 293
911 3854 1028 3920 denoto
1058 3856 1090 3921 o's
1119 3858 1220 3936 sotts;

173 3959 267 4025 Poen.
296 3979 324 4024 v,
356 3959 438 4025 1183
470 3958 578 4025 Stulta
608 3960 640 4024 έε
668 3958 757 4025 sorio
787 3959 888 4042 monis
916 3980 1012 4040 quone
1042 3958 1109 4023 uolo
1140 3959 1219 4040 (Α);

174 4062 260 4132 Pers.
283 4083 311 4127 v.
334 4064 396 4129 829
428 4067 523 4147 etque
554 4066 589 4130 to
617 4060 721 4127 Pereo
742 4082 784 4139 es,
807 4063 880 4146 qui:
912 4061 1028 4146 Amph.
1051 4079 1080 4126 r.
1102 4060 1164 4127 427
1189 4063 1221 4130 si
