2768 4710
588 305 799 372 -39..

258 477 331 542 Aul.
354 495 382 541 v.
407 478 469 544 763
490 476 610 543 Arrium
631 477 716 555 ouri,
737 478 880 558 cepada,
903 481 933 541 te
953 496 1091 557 reposco,
1122 498 1219 558 paam

168 583 207 644 iu
228 581 392 662 confessus
413 580 491 644 milri

256 682 301 747 Te
323 682 489 748 abstulisse
510 717 562 761 -,
585 682 639 748 ubi
662 687 697 747 to
718 681 900 763 pronomine
916 681 1013 746 etiam
1036 681 1137 764 magis
1160 700 1213 745 ex·

174 788 304 852 ansatur
325 784 462 863 omissio,

255 886 341 951 Trin.
364 905 393 952 v.
416 886 479 952 969
509 887 601 979 Quod
630 907 684 969 epo
714 887 784 952 dem
812 908 929 953 aarum
960 887 1041 951 titt?
1071 905 1093 950 :1
1126 888 1220 968 Quod

172 993 200 1054 te
223 1009 246 1055 α
265 1010 315 1055 me
336 992 496 1072 accepisse
515 990 626 1071 fassus
639 988 669 1070 ¹)

260 1091 366 1172 Atque
388 1097 425 1156 ut
446 1092 507 1157 hoc
528 1092 595 1157 loco
617 1108 750 1171 agamus
770 1092 812 1155 de

258 1194 343 1259 Trin.
366 1195 428 1260 982
449 1195 578 1260 Aurora
598 1195 695 1258 redde
717 1230 754 1239 —
781 1212 803 1269 ξε
825 1194 992 1260 Dormitare
1013 1215 1110 1260 senece
1131 1230 1171 1240 -
1192 1214 1238 1259 ::,

256 1295 381 1362 Fessus
408 1295 611 1363 Charmidem
632 1297 755 1361 dedisse
777 1317 894 1361 duram
916 1296 980 1375 titt,

254 1398 300 1464 sie
328 1399 473 1480 equidem
503 1398 719 1480 distinxerim,
751 1404 788 1464 ut
815 1400 926 1481 fossas
955 1399 1086 1465 verbum
1117 1399 1219 1480 magis

172 1519 242 1566 eum
264 1501 452 1582 imperativo
472 1502 570 1566 redde
592 1501 760 1567 cohaereat
793 1506 825 1566 et
854 1505 891 1566 nt
912 1518 968 1566 nos
990 1501 1123 1566 similem
1146 1518 1218 1566 con-

171 1601 387 1669 formationem
417 1603 635 1669 nanciscamur
664 1604 694 1669 ei
723 1622 820 1686 quam
850 1603 1027 1668 invenimus
1058 1623 1089 1685 p.
1121 1603 1163 1668 32
1185 1602 1216 1666 in

173 1705 225 1770 old
252 1706 369 1772 stultas
405 1713 438 1772 et
467 1705 499 1773 in
532 1707 600 1770 eius
631 1707 717 1771 modi
750 1705 940 1772 enuntiatis:
977 1705 1045 1771 Mil
1074 1726 1104 1772 v.
1135 1705 1218 1770 1409

172 1806 325 1891 Loquere,
346 1809 489 1874 eoadem
508 1808 603 1874 attur·
622 1810 740 1891 foetes.

255 1909 381 1975 Fessus
403 1909 536 1991 perfecti
558 1929 654 1974 unum
671 1911 897 1977 tandummodo
923 1910 1099 1992 exemplum
1124 1929 1216 1991 prae-

170 2015 219 2076 ter
240 2013 404 2094 superiora
420 2011 576 2078 occurrit:
599 2013 689 2077 Truc.
704 2032 733 2079 v.
751 2014 813 2080 792
835 2011 896 2078 Nil
908 2032 1013 2077 moror
1023 2017 1217 2094 praeterea:

169 2115 250 2180 satis
271 2135 304 2180 es
323 2115 427 2196 fossa,
449 2114 505 2180 ubi
527 2114 651 2197 syllaba
665 2120 714 2179 est
728 2115 834 2179 versui
858 2113 1035 2181 necessaria
1049 2119 1083 2179 et
1104 2136 1137 2179 es
1158 2134 1214 2196 po·

168 2216 263 2282 situm
285 2220 360 2281 ante
381 2216 595 2298 participium.
631 2217 765 2282 Restant
787 2223 824 2283 ut
856 2217 908 2284 hie
931 2222 1214 2283 commemorentur
1287 2298 1291 2307 ⁸

251 2317 318 2383 Mil.
340 2339 369 2384 v.
391 2317 455 2383 232
476 2319 524 2383 At
553 2324 588 2384 tu
615 2320 742 2401 imperti
764 2321 864 2385 amice
885 2341 934 2384 me
956 2321 1041 2402 quod
1063 2340 1214 2385 eorumeo-
1345 2380 1357 2403 ‚

169 2425 219 2486 tres
241 2440 264 2485 t:
290 2421 382 2487 Tace.
423 2422 491 2487 Iam
515 2440 613 2503 supra
635 2421 810 2487 invenimus
832 2423 876 2506 (p.
899 2423 955 2505 29)
985 2428 1023 2488 rrt
1050 2424 1110 2488 cr‘to
1134 2443 1214 2488 eorre-

168 2529 301 2589 meatus.

257 2626 349 2702 Quod
364 2627 481 2691 attinet
495 2628 584 2692 Asin.
607 2644 731 2692 versum
747 2628 788 2693 39
804 2633 894 2710 teque
910 2629 1032 2694 obsecro
1046 2627 1159 2706 tecle,
1180 2633 1218 2692 ret

167 2750 250 2812 puae
273 2729 396 2804 locotus
417 2731 566 2812 despuas,
973 2814 976 2821 Ι

252 2832 316 2897 iam
346 2832 469 2913 egimus
501 2832 688 2914 explicatius
719 2833 758 2898 de
788 2831 877 2898 verbi
905 2832 1096 2898 substantivi
1126 2833 1213 2913 apud

166 2935 293 3000 locatus
313 2933 489 3014 perfectum
512 2935 680 3001 omissione
701 2953 733 3016 p.
759 2936 800 3000 15
822 2953 910 3015 sequ.

251 3037 331 3101 Eun.
353 3055 383 3101 v.
406 3038 464 3102 651
490 3039 526 3102 r'rr
547 3037 621 3102 le‘roc
643 3058 704 3119 qao
726 3039 842 3122 dipous
864 3058 935 3103 eam
957 3038 1049 3102 dorcic
1072 3036 1161 3102 rou?

253 3192 314 3238 non
345 3179 394 3238 est
424 3191 480 3238 cur
502 3193 522 3238 a
542 3173 605 3238 fide
627 3173 787 3239 Bembini:
810 3175 926 3259 dipoos
948 3141 1015 3240 dum
1037 3177 1127 3254 (corr.
1151 3176 1213 3248 ΑΙ)

168 3276 370 3356 recedamus;
393 3294 476 3358 nam,
498 3294 579 3358 quae
593 3295 728 3357 persona
751 3277 803 3357 sit,
826 3296 865 3342 ex
887 3275 982 3346 verbo
1007 3277 1213 3342 antecedente

165 3377 359 3460 perspicitur
387 3383 485 3459 atque
513 3378 640 3444 omissio
670 3383 747 3460 apta
769 3384 818 3443 est
839 3379 1079 3460 interrogationi
1100 3378 1213 3460 plenae

169 3479 406 3562 indignationis.
450 3483 554 3563 Atque
576 3481 638 3546 iam
661 3481 840 3546 addiderim

252 3583 366 3647 Pseud.
397 3603 426 3648 v.
459 3585 539 3649 271:
578 3584 626 3650 De‘
656 3590 685 3649 te
715 3585 854 3666 deaeque
883 3589 991 3649 emeret
1020 3622 1061 3630 —
1097 3584 1154 3651 Vel
1183 3587 1213 3650 si

167 3686 284 3770 dipem
306 3685 495 3768 adoperto,
518 3708 620 3770 raeque
641 3691 750 3752 emeret
762 3721 804 3732 -

251 3794 324 3869 post
352 3790 382 3853 si
411 3789 658 3855 coniunctionem
688 3795 795 3854 autem
827 3789 930 3855 omitti
960 3809 1053 3872 posse
1083 3812 1115 3855 es
1146 3791 1210 3854 iam

235 3992 260 4058 1)
279 3996 340 4042 Aen.
351 3995 382 4055 V,
402 3999 449 4046 192
469 4011 532 4042 noae
548 3995 606 4042 illas
618 3996 724 4056 promite
735 3997 806 4055 eirea,
821 4011 884 4044 nanc
895 3997 997 4055 anemos,
1010 3995 1091 4056 peribus
1108 3997 1134 4042 io
1147 3996 1210 4044 Gae-

164 4079 223 4129 totu
241 4079 351 4140 dendus
367 4082 407 4130 usi
423 4082 467 4146 (sc.
485 4080 561 4145 ertia).
