2768 4710
588 303 801 370 „53-

174 476 308 542 oculum
329 477 426 542 istum
446 475 610 541 uauctus?
631 478 728 542 Andr.
751 497 779 542 v.
802 477 866 543 202
886 478 935 542 ltu
957 481 1066 559 operte
1087 497 1154 542 rem
1175 478 1219 543 lc·

175 583 287 658 cutus;
309 578 406 644 Haut.
426 598 455 643 v.
474 579 536 644 815
559 578 606 643 ltu
627 580 777 658 meritus;
798 579 905 645 -580
925 579 1059 645 Homlul
1078 580 1168 664 frupc'
1190 585 1220 645 ct

109 716 113 723 ·
176 683 380 763 temperantis
399 681 533 763 fuuctus
556 681 716 763 officium

176 864 179 869 1
256 784 367 867 Neque
395 783 493 848 ullam
533 783 581 848 u’s
614 781 734 849 formae
767 802 878 849 ausam
909 784 1064 866 praebent
1093 785 1117 850 ii
1146 785 1218 866 loci,

173 885 287 970 quibus
319 887 352 952 in
384 886 515 969 reliquis
543 889 672 967 praeter
698 887 885 952 Bembinum
915 887 1006 952 libris
1033 908 1066 952 es
1087 887 1218 954 verbum

173 989 252 1054 illud
282 989 410 1072 quidem
442 988 597 1053 traditum
630 993 695 1070 est,
718 991 775 1054 sed
795 1008 859 1054 non
880 994 955 1072 post
975 989 1164 1056 vocabulum
1185 991 1218 1056 in

175 1112 229 1157 -us
249 1091 423 1157 terminans
445 1089 650 1156 collocatum:

255 1193 380 1259 Phorm.
404 1213 432 1258 v.
456 1193 535 1259 798:
568 1192 654 1274 Quid
675 1193 735 1257 tu?
763 1195 878 1277 ecquid
899 1194 1022 1260 locutos
1044 1215 1115 1260 cum
1136 1196 1219 1261 istoc

258 1297 356 1363 ceteri
369 1294 452 1376 libri,
468 1314 547 1378 quos
563 1301 739 1378 sequuntur
752 1297 856 1362 Bentl.
872 1302 905 1363 et
920 1297 1082 1364 Fleckeis:
1098 1298 1215 1376 istaes,

111 1400 117 1409 '
253 1398 423 1464 falsissime
444 1396 611 1480 Umpfenb‚
636 1390 795 1489 tlocutu's'
819 1400 906 1477 (vide
927 1420 957 1483 p.
982 1400 1037 1483 15)

254 1502 379 1568 Phorm.
402 1520 431 1566 v.
454 1500 519 1566 550
541 1537 582 1546 -
604 1505 664 1568 cuc
684 1501 839 1584 qulduacu
858 1502 1018 1584 facturus,
1042 1503 1115 1568 cedo

255 1605 352 1670 ceteri
373 1602 462 1667 libri:
486 1622 563 1667 ucm
584 1624 617 1668 cs
637 1603 680 1685 f.,·

254 1708 390 1772 editores
412 1705 599 1771 falsissime:
624 1698 833 1796 facturus?
855 1706 943 1788 (vide
963 1726 993 1788 p.
1017 1708 1073 1790 24)

253 1810 350 1874 Haut.
373 1828 402 1874 v.
425 1808 487 1873 823
510 1810 555 1872 Α;
586 1808 678 1889 Quod
698 1809 728 1872 cl
746 1808 910 1890 pollicitus

253 1911 367 1977 ceteri:
391 1911 420 1976 el
441 1931 474 1976 es
494 1909 676 1992 pollicitus:

253 2016 336 2079 unde
357 2014 495 2079 editores
517 2017 738 2093 sumpserunt:
761 2013 889 2078 -cltu’sl
910 2014 997 2091 (vide
1018 2033 1049 2095 p.
1072 2014 1127 2095 38)

251 2117 328 2182 Hec.
348 2136 376 2181 v,
392 2116 455 2181 825
476 2117 521 2180 A:
547 2114 634 2196 Quid
654 2115 857 2180 caculmctus
879 2116 1002 2181 obsecro
1024 2136 1076 2181 cs:
1099 2119 1213 2183 ceteri:

168 2239 200 2284 cs
222 2239 314 2283 exau.
335 2217 439 2282 Bentl.
463 2222 496 2283 et
515 2217 579 2282 Fl:
612 2217 823 2282 caaulmatu’s
851 2218 975 2284 obsecro
998 2218 1084 2298 (vide
1105 2240 1135 2300 p.
1160 2221 1213 2300 16)

251 2317 361 2403 Neque
388 2321 489 2402 magis
511 2319 680 2402 intellego,
704 2337 760 2385 cur
780 2319 973 2386 Fleckeisen.
1005 2322 1053 2386 u’s
1080 2319 1213 2386 formam

166 2423 328 2490 induxerit

250 2527 348 2591 Haut.
366 2544 394 2590 v.
410 2526 475 2591 320
495 2524 552 2590 ubi
575 2543 682 2590 omnes
705 2524 781 2590 libri
801 2525 932 2592 habent:
955 2563 996 2572 -
1019 2520 1212 2592 multimodis

164 2630 317 2708 tubulus,
343 2625 490 2710 Ollttpbu
513 2648 546 2693 es
566 2665 608 2681 -η
630 2626 801 2710 (nonnulliz
827 2620 923 2719 (est').

249 2733 299 2799 De
328 2750 392 2814 qua
424 2730 632 2796 collocatione
663 2728 805 2796 conferas
834 2731 929 2796 velim
957 2731 1047 2796 velut
1072 2732 1153 2797 Eun.
1181 2753 1210 2798 v.
1304 2813 1305 2817 Ἰ

166 2835 244 2902 756:
260 2833 350 2900 Noa
362 2832 599 2915 fumtdulosus,
615 2833 748 2912 obsecre,
763 2853 795 2898 cs
806 2835 850 2898 ml
861 2833 973 2899 bomo?
994 2833 1058 2898 alia
1069 2835 1213 2917 exempla

164 2936 237 3002 vide
257 2957 287 3019 p.
313 2936 353 3001 16

250 3040 320 3104 Uno
342 3037 412 3102 loco
433 3037 513 3101 Eun.
536 3057 565 3102 v.
583 3038 655 3119 854,
678 3039 731 3119 (de
752 3057 815 3120 quo
837 3039 911 3103 vide
932 3058 962 3120 p.
985 3038 1041 3118 22)
1063 3039 1213 3121 perhibet

165 3143 195 3208 A
215 3142 343 3225 quidem
364 3139 445 3218 illud
467 3159 509 3218 es,
531 3158 602 3204 cum
617 3141 715 3205 ceteri
736 3139 809 3206 libri
831 3160 868 3205 eo
891 3145 1030 3222 careant,
1051 3142 1109 3206 sed
1124 3143 1211 3208 vide·

164 3249 218 3311 tur
238 3244 315 3309 inA
337 3243 518 3309 coniectura
534 3260 604 3307 esse
618 3244 881 3325 suprascriptum,
904 3262 968 3326 qua
990 3244 1018 3308 si
1032 3245 1154 3310 utimur
1176 3266 1209 3310 cs

164 3347 260 3429 plena
280 3344 403 3428 syllaba
433 3348 498 3426 est,
519 3349 557 3409 ut
578 3346 627 3410 u’s
648 3346 860 3428 synaloephae
882 3365 921 3411 ne
943 3346 995 3412 hie
1018 3348 1145 3429 quidem
1167 3348 1211 3413 sit

163 3449 265 3515 ullum
285 3448 462 3529 vestigium.
1027 3502 1032 3510 ,

248 3551 317 3616 Iam
340 3551 544 3616 enumerandi
566 3557 641 3616 sunt
663 3570 784 3632 versus,
806 3552 861 3634 qui
883 3552 915 3616 in
935 3553 966 3615 A
986 3571 1050 3617 non
1072 3557 1208 3633 exstant,

163 3656 224 3722 sed
253 3654 286 3719 in
315 3652 430 3735 quibus
452 3654 481 3716 A
504 3671 575 3718 curn
605 3653 735 3737 reliquis
758 3655 955 3720 consensisse
977 3673 1015 3719 ex
1036 3656 1208 3736 superiori-

162 3757 222 3824 bus
244 3755 396 3838 exemplis
411 3756 583 3822 verisimile
605 3761 671 3822 est:
694 3757 809 3840 reliqui
829 3763 936 3823 autem
950 3757 1025 3823 libri
1038 3758 1208 3841 praebent:

162 3861 261 3926 Andr.
285 3879 313 3924 v.
336 3859 397 3924 621
432 3858 511 3940 quid
530 3859 687 3924 recubos?
724 3856 876 3940 Crucem
899 3880 926 3924 ν.
942 3861 1005 3926 496
1028 3861 1107 3942 quid
1126 3861 1207 3926 cerl-

164 3962 240 4028 tus?
272 3982 301 4027 v.
324 3961 388 4026 724
409 3961 488 4043 quid
508 3982 585 4026 uum
605 3963 816 4044 incepturus?
845 3962 968 4046 Accipe
988 3984 1010 4027 c
1030 3983 1096 4041 me;
1116 3962 1207 4028 Adel.

88 4142 97 4157 ·
162 4086 193 4131 v.
215 4065 277 4132 956
300 4083 387 4130 uuuc
409 4068 444 4128 tu
463 4084 635 4147 pccmcuus
655 4066 703 4129 D:
726 4085 814 4130 uuuc
836 4070 872 4130 tu
892 4068 936 4133 uu
958 4088 990 4132 cs
1011 4085 1050 4148 9:
1071 4065 1100 4129 G
1120 4086 1208 4131 uuuc
