2790 4988
584 298 797 369 ..92-

165 493 266 557 ueque
301 472 468 540 Ooruelius
496 476 542 542 aol
572 473 755 541 Terentiam
778 478 895 557 posteo
922 473 1019 539 rediit
1046 474 1088 553 Π,
1120 476 1169 554 19,
1193 472 1214 539 5

170 575 293 642 Gaesao
313 598 361 642 me
382 577 442 642 sibi
463 577 527 643 uolt
548 577 685 661 leaotmu
707 615 748 624 -
769 577 930 643 bmestior
951 575 1028 642 bueo
1043 576 1215 642 declinatio

162 680 323 761 perieuli;
344 679 399 760 VI,
423 680 452 760 2,
473 680 510 760 5;
544 684 577 745 et
597 681 669 761 XII,
692 681 723 762 4,
746 682 766 746 6
798 701 900 763 meque
923 680 1091 744 minnista
1112 680 1216 744 maior

165 782 357 860 admonitio,
388 803 484 864 quam
506 783 620 864 quibus
650 784 780 849 assidue
803 783 955 865 ooufioior
975 782 1047 862 VH,
1070 781 1099 861 7,
1121 781 1143 845 4
1166 800 1213 846 ee-

166 889 236 949 teua
270 885 419 950 mdeutuu
455 906 521 951 esse
560 886 755 968 trauquilla,
789 885 1073 968 tranquillissimus
1109 888 1216 949 aulem

166 988 294 1052 emimus
314 1008 402 1052 meus
420 988 492 1068 VH,
517 989 566 1070 13,
590 989 607 1052 1
625 1008 759 1071 quorum
774 988 954 1070 ultraquam
974 978 1216 1074 ἀστρατήγητος

167 1095 202 1155 lu
224 1110 346 1172 quoque
368 1091 619 1170 animadvertis,
651 1112 748 1174 quum
768 1093 838 1157 siue
861 1089 1007 1168 oonsilio,
1036 1111 1088 1156 ms
1119 1091 1215 1154 testis.

167 1192 289 1274 (Etiam
311 1192 496 1259 Petronius:
529 1193 689 1260 Homerus
711 1195 798 1259 testis
820 1197 851 1258 et
871 1192 965 1276 lurioi
989 1191 1217 1275 Rmuauusquo

174 1295 331 1379 Verailius
354 1301 384 1360 et
404 1296 538 1361 Horatii
559 1297 687 1362 euriosa
706 1295 857 1379 felicitas,
879 1294 934 1361 ubi
956 1295 1073 1361 Bueoh.
1096 1294 1217 1360 frustra

166 1399 334 1482 proposuit
356 1403 404 1464 est
424 1399 468 1482 et)
483 1399 531 1482 ι);
565 1400 607 1464 sd
628 1401 696 1465 Att.
718 1398 804 1479 XIV,
827 1400 857 1479 6,
882 1399 916 1479 1;
938 1398 1025 1477 XIV,
1049 1398 1099 1478 11,
1124 1398 1140 1461 1
1164 1419 1216 1462 oe·

166 1523 239 1566 rum
259 1502 325 1567 illis
346 1521 464 1584 mooun
487 1502 660 1568 oousolatio
682 1502 875 1567 oonseieutia
895 1500 1028 1566 mauimi
1050 1504 1081 1565 et
1103 1499 1215 1565 oloris-

168 1605 241 1669 simi
269 1603 369 1686 faeti,
400 1604 490 1669 uobis
523 1605 629 1688 quae?
658 1606 702 1670 Et
723 1605 752 1671 si
773 1605 908 1686 legimus
929 1604 972 1668 ad
993 1604 1053 1667 Att
1074 1602 1099 1683 Ι,
1124 1603 1174 1682 19,
1199 1605 1215 1667 1

168 1706 321 1772 Metellus
336 1727 402 1771 nou
416 1706 505 1771 buno
520 1707 577 1772 seol
596 1708 673 1774 litus
690 1713 787 1790 atque
803 1727 859 1772 aer
874 1711 905 1770 et
925 1705 1104 1771 sollicitudo
1119 1727 1218 1785 meno,

168 1814 206 1875 ut
228 1809 314 1891 apud
335 1808 461 1874 Patron.
485 1810 536 1889 23,
557 1811 598 1876 38
615 1811 806 1893 phantasia,
834 1829 900 1874 uon
921 1808 1011 1873 mmo
1032 1812 1065 1873 et
1086 1809 1128 1872 ad
1149 1809 1217 1874 Att.

168 1913 225 1992 XI,
247 1911 278 1991 4,
302 1912 322 1976 2
346 1910 487 2001 (Brutus
508 1914 648 1993 amious,·
679 1915 716 1978 iu
744 1932 844 1979 eausa
864 1915 1012 1977 uersatur
1033 1901 1163 1976 aeriter'
1187 1916 1219 1976 et

168 2015 241 2094 XII,
263 2014 293 2094 2,
318 2016 333 2078 1
357 2015 414 2080 secl
443 2020 556 2082 auotor
576 2016 700 2082 nullius
721 2016 769 2081 rei
791 2015 976 2098 qaisquam,
1005 2017 1073 2079 tum
1095 2013 1219 2078 intelle·

170 2118 274 2198 gimus
287 2115 368 2182 falso
384 2119 529 2184 additum
545 2137 614 2185 asse
629 2139 650 2184 a
663 2120 741 2186 viris
756 2119 807 2183 dd.
824 2122 872 2183 est
886 2117 928 2198 ad
942 2118 1011 2182 Att.
1032 2117 1102 2198 XV,
1126 2117 1176 2198 13,
1198 2119 1219 2183 5

169 2218 340 2285 Dolabella
362 2221 412 2285 uir
434 2222 579 2303 optimus.
602 2221 640 2288 of.
664 2222 761 2288 etiarn
784 2222 826 2288 ad
848 2221 916 2285 Att.
939 2220 964 2301 Ι,
989 2220 1039 2301 13,
1062 2220 1091 2284 2.

255 2322 353 2388 Plura
373 2343 503 2407 possum
527 2324 656 2405 afferre,
679 2326 736 2390 sed
757 2328 795 2391 ut
815 2323 985 2390 transitum
1008 2323 1049 2387 ad
1070 2322 1219 2388 Plautum

144 2434 147 2438 ’
170 2425 249 2491 mihi
279 2445 388 2509 parem
410 2448 493 2495 nune
515 2427 660 2510 exempla
682 2427 872 2493 Terentiana
901 2425 1096 2491 adscribam:
1128 2425 1217 2491 Adel.

171 2548 198 2593 v.
223 2530 283 2595 687
307 2528 383 2594 Iam
402 2531 439 2596 iel
455 2535 625 2613 peecatum
648 2531 792 2612 primun
813 2548 964 2614 manuum
984 2528 1082 2594 Haut.
1105 2548 1133 2593 v.
1156 2528 1216 2594 461

176 2632 286 2698 munis
306 2632 456 2699 sollicitos
477 2633 589 2698 babuit
602 2637 698 2716 atque
718 2632 796 2698 baec
816 2653 885 2697 uuo
905 2652 971 2698 uox
992 2669 1033 2678 —
1055 2631 1116 2697 521
1141 2629 1220 2696 Mu·

173 2735 232 2801 lior
262 2735 423 2800 omumorla
451 2736 562 2818 faceta
591 2736 670 2801 liaeo
690 2736 842 2800 meretrix
862 2736 960 2800 Andr.
983 2754 1011 2799 v.
1034 2734 1099 2800 970
1118 2725 1221 2798 Pater

173 2839 295 2904 omious
316 2859 457 2904 summus
478 2838 567 2904 nobis
589 2837 626 2905 ci.
649 2838 798 2904 Phormio
820 2858 849 2904 v.
873 2839 936 2905 104

258 2941 361 3020 Quum
382 2941 481 3024 igitur
503 2960 631 3008 eausam
652 2941 805 3009 habemus
827 2939 995 3008 dubitandi
1017 2941 1057 3006 de
1079 2939 1129 3004 his
1151 2957 1221 3004 uer·

173 3044 262 3111 sibus
282 3044 464 3110 Plautinis?

260 3148 325 3213 Mil.
349 3168 377 3213 v.
402 3150 482 3215 1071
506 3148 596 3214 libri:
619 3168 686 3213 nou
707 3148 764 3213 boo
784 3147 943 3213 insulsmu
964 3147 1037 3211 lune
1058 3142 1222 3228 iuoeuium

173 3254 210 3317 R.
244 3271 309 3315 uon
335 3250 495 3318 insulsum
526 3251 600 3318 bute
630 3252 824 3336 iuoem‘umst
851 3249 979 3329 Ussing.
1009 3246 1145 3326 reatina,
1187 3249 1222 3310 ut

174 3354 252 3419 mihi
271 3354 416 3421 'videtum
447 3375 526 3446 tuon
556 3355 612 3420 boo
642 3355 785 3420 iusulmu
805 3342 993 3437 iuoeuium’.
1036 3349 1156 3432 Utique
1177 3351 1224 3413 est

175 3475 443 3539 supervacaneum
466 3463 525 3525 est.

246 3669 271 3724 l)
289 3665 343 3713 Tib.
362 3667 382 3725 1,
403 3668 427 3726 7,
446 3667 475 3713 91
507 3664 621 3713 Tarbella
638 3664 732 3723 Pyrono
752 3663 828 3710 Tau·
845 3669 868 3709 et
886 3661 978 3709 Omani
999 3659 1074 3706 litora
1091 3656 1223 3714 Santonici,

180 3753 257 3799 Tentis
275 3749 346 3798 Arar
363 3751 539 3810 Rhodanusque
565 3751 626 3798 colen
650 3762 795 3811 mammone
822 3748 948 3796 Garumna
974 3746 1048 3805 Prop.
1065 3745 1111 3800 III,
1131 3746 1172 3800 26,
1190 3743 1223 3789 47

175 3837 242 3886 uuis
261 3839 404 3896 Amymone,
431 3838 514 3884 latiam
539 3853 592 3884 eum
608 3835 689 3896 ferret
713 3836 739 3882 in
756 3835 829 3894 Arois
854 3846 983 3893 conpressa
1005 3837 1027 3878 et
1044 3831 1138 3877 Lernae
1150 3832 1225 3889 pulsa

176 3923 277 3972 tridente
289 3925 365 3984 polus
384 3924 413 3982 V,
434 3926 457 3983 3,
475 3925 507 3971 49
535 3923 610 3969 omnis
627 3935 697 3968 amor
713 3935 813 3980 mavum
830 3919 873 3968 sed
889 3925 972 3979 aperto
989 3917 1016 3963 in
1032 3917 1131 3975 eoniuoo
1147 3916 1226 3962 maior

177 4011 210 4069 11,
229 4012 270 4068 26,
288 4012 321 4058 4⁵
340 4010 383 4057 secl
397 4025 446 4057 nou
463 4009 586 4070 Neptunus
603 4015 669 4055 tamo
687 4005 790 4054 aunon
808 4003 888 4052 autori
903 4003 1027 4064 Noptmms
1037 4001 1121 4062 fratri
1132 4016 1183 4062 par
1199 4000 1226 4047 in

177 4110 258 4142 amore
275 4095 334 4142 Jooi
