2790 4988
666 1139 799 1212 Vita:

299 1328 396 1387 Natus
428 1347 482 1402 ego
515 1347 580 1387 sum
602 1327 811 1389 Waldemarus
834 1327 926 1386 Olsen
947 1322 1200 1404 Ruegenwoldiae
1230 1329 1263 1388 in
1336 1349 1339 1354 ·

213 1429 323 1508 oppido
352 1429 547 1492 Pomsroniae
579 1451 604 1488 a.
635 1430 663 1487 d.
694 1429 743 1488 XI
764 1429 832 1488 Kal.
856 1430 976 1490 Ootobr.
1007 1451 1032 1489 a.
1067 1435 1146 1489 1860
1178 1437 1264 1509 patre

212 1553 283 1592 usus
305 1535 461 1608 Augusto,
495 1530 548 1612 qui
579 1531 700 1611 quidem
729 1531 790 1590 iam
817 1530 914 1610 primo
943 1532 1049 1592 aetatis
1079 1554 1163 1592 meao
1186 1555 1263 1593 anno

214 1654 386 1712 supremum
417 1633 497 1693 diem
519 1633 603 1694 obiit.
648 1633 754 1693 Fidem
776 1634 920 1712 profiteor
942 1634 1155 1709 evangelicam.
1200 1635 1264 1694 Lit-

212 1741 345 1796 terarum
375 1735 532 1796 elementis
564 1736 596 1794 in
627 1735 743 1813 patriae
774 1734 857 1796 urbis
889 1738 991 1796 0010010
1012 1736 1145 1795 imbutus
1167 1743 1263 1796 trans-

212 1836 342 1912 migravi
374 1838 406 1897 in
439 1837 628 1916 gymnasium
657 1837 885 1910 000000110οη00,
928 1840 1008 1917 quod
1042 1844 1107 1897 tum
1138 1824 1265 1899 florebat

212 1939 336 1999 Pitonni
358 1939 517 2018 auspiciis,
550 1959 630 1998 nuno
652 1939 765 1999 Sorofio
798 1945 936 2000 rectora
967 1941 1054 2000 Unde
1082 1940 1265 2000 maturitatis

213 2044 293 2122 quod
315 2042 420 2102 dieunt
440 2040 613 2102 testimonio
635 2041 800 2101 instructus
823 2062 925 2101 mense
941 2042 1039 2120 Aprili
1062 2064 1087 2102 a.
1115 2048 1193 2102 1880
1216 2064 1264 2102 mo

213 2144 327 2204 eontuli
354 2144 544 2218 Berolinum,
577 2149 613 2203 ut
642 2143 675 2202 in
705 2143 759 2202 illa
789 2143 988 2205 universitate
1020 2145 1169 2204 litteraria
1202 2151 1263 2204 stu·

213 2246 272 2306 diis
301 2267 348 2306 me
377 2248 518 2308 dederam
553 2245 753 2323 philologieis.
798 2248 900 2325 Atque
933 2245 1038 2307 audivi
1060 2266 1115 2322 per
1137 2252 1266 2325 quatuor

212 2348 370 2408 semestria
389 2348 572 2409 disserentes
593 2369 645 2409 00.
667 2349 715 2407 dd.
739 2346 892 2420 Curtium,
920 2348 1133 2422 Huebnorum‚
1156 2348 1265 2407 Kiroh-
1351 2424 1358 2436 ἶ

211 2449 346 2522 hoffinm,
370 2451 640 2523 Muellenhoffium,
663 2449 865 2521 Paulsonium,
888 2448 1119 2524 Treitsohlrium,
1135 2451 1265 2510 dehere·

212 2571 288 2625 rum,
316 2551 495 2625 Vahlenum,
518 2552 792 2623 Wattenbaohium,
814 2552 973 2610 Zellerum.
1018 2551 1094 2610 Tum
1118 2551 1266 2630 Gryphia-

213 2653 353 2716 woldiam
386 2654 531 2730 migravi,
570 2653 624 2715 ubi
661 2672 709 2713 me
741 2655 908 2713 docuerunt
943 2674 995 2714 00.
1026 2654 1074 2712 dd.
1102 2653 1265 2729 Kiessling,

213 2755 446 2830 Reiffersoheid‚
476 2757 632 2835 Sohuppe,
655 2755 804 2829 1110000000,
826 2755 863 2814 de
885 2753 1104 2830 Wilamowitz‚
1126 2756 1265 2816 Zimmor.

213 2858 254 2916 Et
268 2856 357 2918 liouit
378 2859 454 2918 mihi
469 2858 617 2919 interesse
640 2857 831 2918 aristoteliois
849 2855 1026 2932 Susamilrlii
1041 2857 1265 2918 exercitationi·

212 2961 278 3020 bus.
321 2959 475 3037 Kiossling
494 2981 567 3023 0000
591 2965 622 3020 01
639 2958 841 3022 Wilamowita
863 2979 911 3017 me
927 2964 1108 3036 receperunt
1128 2959 1161 3018 in
1177 2959 1265 3019 semi·

213 3061 331 3122 narium
353 3062 586 3141 philologioum,
619 3062 704 3122 ouius
734 3060 844 3122 sodalis
873 3059 919 3118 fui
940 3060 1109 3121 ordinarius
1130 3083 1185 3140 per
1206 3063 1264 3121 duo

215 3163 379 3239 0000001010,
402 3170 433 3225 01
450 3164 669 3225 Reiffersohoid
690 3163 767 3223 mihi
789 3162 944 3234 oonoessit‚
968 3167 1002 3221 ut
1024 3163 1176 3222 seminarii
1200 3184 1265 3238 ger·

213 3263 325 3324 manioi
346 3267 455 3326 sodalis
478 3287 573 3327 essem
595 3265 764 3326 ordinarius
785 3264 859 3324 item
883 3263 930 3323 bis
953 3285 1007 3324 sex
1029 3286 1154 3325 menses.

301 3365 417 3431 Quibus
439 3368 514 3428 viris
537 3369 649 3446 optime
670 3369 708 3427 do
730 3388 778 3426 mo
800 3366 916 3426 meritis
939 3366 1085 3440 omnibus,
1115 3367 1264 3446 imprimis

213 3488 286 3531 vero
308 3469 501 3545 Kiosslingio‚
525 3470 767 3543 Wilamowitzio,
790 3456 1047 3543 Reiffersoheidio,
1076 3467 1128 3550 qui
1151 3490 1266 3529 summa

215 3591 282 3630 oum
298 3570 510 3632 benovolentia
531 3592 579 3630 mo
596 3571 739 3633 adiurare
761 3577 850 3652 atque
869 3591 979 3646 augere
993 3592 1147 3651 nunquam
1168 3571 1264 3630 doeio-

213 3677 294 3745 00001,
317 3672 428 3747 gratias
452 3693 506 3748 ago
530 3693 619 3753 quam
641 3695 762 3751 possum
785 3694 824 3733 ex
846 3673 945 3733 auimo
968 3673 1121 3733 maximas.

1386 3616 1391 3686 1
