2768 4710
583 331 624 341 ..
669 295 795 362 91·-

166 463 236 529 Ous.
266 464 304 544 V,
333 463 363 543 2,
398 463 437 527 18
464 462 557 528 Perii
584 465 687 531 hercle
714 486 789 550 eqo:
818 468 992 550 manifesta
1021 490 1092 534 res:
1122 468 1210 536 libri:

164 569 286 631 rescat
313 564 356 630 Et
386 570 434 630 est
462 565 525 633 alio
554 567 624 634 loco
652 570 792 651 positum
823 570 967 635 videmus
989 570 1054 635 Mil.
1077 572 1140 637 225
1161 594 1214 638 res

165 668 355 734 sadc'tnricst
380 668 477 734 Baoh.
500 689 528 734 v.
552 670 615 735 194
643 691 695 736 res
725 671 850 738 nullast
872 674 966 760 Epid.
989 693 1017 738 r.
1042 675 1102 740 661
1125 695 1213 759 maq-

166 776 243 837 aast
262 793 322 836 res.

253 873 336 939 Sane
363 874 543 940 mirandum
576 882 626 941 est
647 876 788 942 Terentii
817 897 944 961 quoque
973 878 1070 944 libros
1092 879 1215 961 pariter

167 977 251 1042 inter
273 995 308 1041 se
329 977 509 1059 dissentire,
531 997 605 1043 nam
626 979 706 1044 Eun.
731 980 791 1045 361
814 980 986 1046 Bembinus
1008 981 1118 1046 habet:

252 1076 356 1144 Estne
376 1080 538 1162 adfertur
557 1080 689 1163 forma?
722 1079 826 1161 Scae,
848 1087 885 1148 at
904 1082 987 1148 ailad
1008 1084 1053 1147 ad
1073 1087 1216 1148 nostram

168 1184 253 1248 banc
274 1201 297 1246 ::
319 1181 399 1247 Alia
413 1203 485 1247 res:
507 1183 605 1248 ceteri
619 1182 719 1248 falso:
741 1205 793 1249 res
808 1190 862 1251 cst.
883 1186 963 1251 Eun.
980 1205 1007 1250 r.
1025 1186 1086 1251 268
1109 1191 1214 1252 autem

168 1304 276 1351 omnes
297 1284 372 1351 libri
392 1285 510 1352 habent
531 1306 582 1351 res
604 1290 664 1350 est:

253 1386 378 1452 Rivalis
406 1407 544 1453 sacam:
586 1386 678 1454 saiva
705 1390 758 1454 rds
788 1396 854 1455 cst:
892 1392 1044 1456 aiaac'ram
1076 1390 1215 1456 homines

167 1576 289 1660 fricent
310 1595 372 1640 non
395 1577 559 1656 adsentior
573 1578 787 1659 Fleckeiseno‚
811 1580 866 1662 qui
888 1599 925 1644 ex
947 1581 993 1643 A:
1015 1492 1064 1558 MS
1090 1576 1217 1668 ‘Komi-

168 1671 249 1745 aes’.
278 1698 403 1745 versum
433 1677 568 1747 format:
592 1718 633 1727 -
654 1681 746 1746 salua
766 1702 819 1746 res
840 1681 993 1746 ulnarum
1014 1681 1098 1746 bisce
1118 1679 1216 1745 domi-

170 1802 227 1847 nes
245 1782 288 1863 fr.

254 1880 326 1950 Etsi
354 1903 394 1949 ne
422 1885 475 1951 hic
502 1886 630 1967 quidem
660 1888 830 1951 decernere
851 1903 1036 1968 possumus,
1058 1888 1215 1968 quatenus

169 1989 312 2071 patuerit
326 1988 454 2053 omissio
477 1989 566 2067 (num
581 1988 688 2069 latius,
709 2006 806 2070 quam
828 2008 891 2071 quo
907 1989 1044 2069 vestigia
1063 1987 1217 2053 librorum

170 2111 229 2156 nos
258 2092 411 2168 ducenti)
442 2095 550 2181 tamen
581 2110 651 2155 eam
682 2090 854 2155 admissam
893 2110 962 2155 esse
991 2110 1011 2154 a
1038 2089 1154 2155 Plauto
1186 2094 1220 2153 ot

172 2192 320 2258 Terentio
334 2192 556 2275 intellegimus
572 2197 605 2258 et
619 2194 654 2258 id
668 2189 873 2258 confirmatur
886 2192 937 2258 his
951 2193 1030 2257 locis
1042 2191 1219 2257 Ciceronis:

172 2297 214 2360 ad
235 2297 302 2360 Att.
326 2295 368 2375 Π,
391 2295 443 2375 22,
466 2297 486 2361 6
507 2295 695 2360 maiomenis
712 2299 817 2359 tumea
839 2315 912 2376 spes
925 2294 1036 2374 aalln;
1058 2295 1102 2373 Π,
1125 2294 1175 2372 22,
1199 2294 1218 2358 6

170 2399 331 2463 invidiosa
362 2419 432 2477 res:
462 2399 504 2462 ad
533 2396 607 2463 iam.
630 2397 672 2477 II,
695 2398 724 2477 7,
748 2397 768 2461 2
799 2396 899 2477 pkaa
928 2418 981 2462 res
1001 2396 1251 2474 commoratus

173 2501 262 2578 Quae
290 2520 361 2566 cum
390 2501 437 2566 ita
468 2502 534 2566 sint
564 2504 691 2566 constat
711 2500 754 2563 ad
774 2499 842 2564 Ata.
864 2499 953 2579 xm,
977 2500 1029 2580 41,
1052 2499 1082 2579 2,
1103 2519 1222 2582 manac
1302 2502 1307 2514 “

174 2605 256 2670 ecia
277 2624 328 2669 res
349 2608 379 2668 ct
399 2604 519 2669 multae
541 2603 699 2669 ccata‘oais
719 2599 802 2667 falso
825 2602 987 2668 addidisse
1014 2602 1153 2668 editores
1175 2605 1222 2666 est

173 2711 248 2788 p'ost
268 2726 328 2772 res.
371 2706 408 2770 In
430 2705 587 2771 similibus
610 2724 734 2789 quoque
763 2704 841 2770 locis
864 2703 1046 2771 Ciceronem
1076 2703 1221 2769 omisisse

174 2813 221 2874 cst
242 2808 439 2874 ostendimus
460 2828 491 2890 p.
514 2809 556 2873 62
570 2812 597 2885 ¹)

259 2911 305 2976 Ut
343 2910 555 2976 intelleximus
593 2912 627 2976 in
658 2909 960 2990 interrogationibus
993 2907 1087 2975 facile
1115 2909 1222 2974 omitti

175 3018 222 3079 cst
243 3013 288 3078 sic
310 3030 393 3078 nunc
414 3014 617 3078 ostendemus
633 3013 730 3077 etiam
753 3031 773 3075 a
795 3013 908 3077 ceteris
923 3013 991 3078 sive
1006 3011 1222 3076 subordInatis

175 3118 242 3183 sive
256 3136 318 3182 non
340 3115 554 3185 subordinatis
577 3114 749 3180 enuntiatis
772 3114 973 3179 omissionem
995 3114 1124 3178 minime
1146 3112 1222 3178 alie-

94 3303 97 3311 ,
174 3238 248 3284 nam
279 3237 356 3284 esse.
408 3218 514 3283 Unum
545 3217 624 3283 illud
656 3234 755 3298 genus
794 3216 1025 3298 exemplorum,
1056 3216 1141 3297 quod
1172 3216 1223 3281 vel

178 3322 386 3388 senissimum
410 3325 475 3401 est,
505 3321 568 3385 iam
601 3319 794 3385 absolvimus
814 3338 845 3399 p.
870 3319 919 3399 11,
941 3317 997 3382 ubi
1018 3318 1154 3383 vidimus
1175 3315 1223 3382 ia-

176 3424 292 3490 cillime
314 3428 361 3488 cst
381 3423 496 3503 omitti,
519 3424 548 3489 si
568 3440 741 3504 pronomen
762 3421 878 3486 tertiae
891 3439 1048 3502 personae
1067 3439 1125 3501 pro
1147 3421 1221 3486 sub-

176 3527 258 3592 iecto
287 3526 428 3606 positum
457 3526 551 3590 adsit.
595 3523 706 3607 Neque
727 3523 822 3588 aliter
842 3542 878 3588 se
900 3542 951 3588 res
973 3521 1085 3603 habet,
1115 3523 1143 3587 si
1165 3542 1221 3587 no·

176 3648 247 3694 men
278 3647 349 3693 cum
376 3628 562 3709 pronomine
593 3627 795 3708 coniungitur
816 3624 866 3690 vel
897 3643 1010 3690 nomen
1041 3623 1142 3690 solum
1164 3645 1221 3707 po-

180 3732 286 3797 nitur:
309 3730 351 3794 ad
364 3731 432 3795 Act.
449 3730 475 3810 Ι,
500 3730 549 3810 12,
574 3733 590 3795 1
620 3730 751 3794 Teucris
764 3727 825 3793 illd
840 3728 957 3794 lectam
972 3747 1051 3792 snae
1065 3728 1224 3810 aenariam

248 3885 273 3949 1)
291 3887 344 3935 Cat.
363 3889 404 3945 64,
436 3889 483 3934 186
509 3886 577 3933 auda
591 3885 671 3946 Μαι
694 3884 773 3941 ratic,
800 3881 868 3930 aulas
894 3897 965 3942 apem
989 3883 1063 3942 Prop.
1082 3884 1114 3942 11,
1133 3885 1158 3942 6,
1177 3886 1223 3931 101

179 3989 222 4020 nra
239 3973 301 4019 boran
319 3999 353 4007 —
371 3973 414 4019 aad
425 3977 556 4032 postquam
560 3986 570 4029 ;
588 3970 633 4029 IV,
652 3973 675 4029 3,
695 3973 726 4018 61
746 3976 812 4015 carra
830 3968 922 4027 aanor,
942 3967 985 4014 ud
1000 3968 1069 4015 auida
1084 3968 1145 4026 fidu
1154 3983 1164 4027 ;
1180 3966 1224 4026 IV,

179 4063 193 4107 3
212 4073 307 4117 mayoc,
325 4057 380 4117 cira,
399 4070 501 4103 meraca:
520 4061 598 4114 parat
614 4055 699 4102 mima
717 4061 783 4101 tarra
801 4054 938 4114 triumphos.
