2768 4710
583 309 795 375 ..11.„

248 480 344 547 Bech.
368 499 396 544 u.
419 481 483 546 375
504 479 612 545 Nimis
632 481 682 545 hic
697 480 796 546 bellus
811 484 906 561 eique
928 484 965 544 ei
986 497 1052 544 esse
1066 500 1214 544 maxume

164 583 314 665 optabam
337 583 432 647 icccc.

248 686 285 749 R.
309 675 434 775 ‘locust'
457 685 523 749 nisi
536 684 688 750 erniueris
712 674 862 775 tbellesi'3
886 683 969 747 uude
985 683 1211 765 cognoscimus

163 805 256 868 quern
280 786 472 852 intentares
494 786 537 850 sit
558 785 585 850 si
608 805 628 848 a
649 785 802 851 librorum
824 784 887 850 fide
910 784 1095 850 recedimus.

249 889 363 954 Pseud.
387 907 416 954 v.
440 888 522 953 1243
552 886 660 952 Nimis
688 888 756 953 iilic
783 887 929 952 mortalis
959 886 1086 964 doctae,
1117 887 1213 952 nimis
1265 966 1269 975 .

166 996 314 1056 versutus
334 991 431 1056 nimis
452 990 566 1055 maius.

249 1093 286 1156 R.
310 1093 442 1158 doctust.

249 1193 315 1259 Mil.
346 1214 374 1260 v.
406 1195 469 1261 348
500 1193 565 1261 sed
595 1194 646 1259 hic
675 1193 726 1259 ilii
759 1193 1041 1274 supparesiteiur,
1073 1191 1124 1256 ieie
1158 1213 1214 1257 eae

159 1319 350 1380 proxumus.

250 1401 287 1463 R.
314 1403 519 1481 praecineti,
549 1398 578 1462 Α
601 1396 730 1462 videtur
751 1397 901 1462 habuisse
917 1417 1107 1480 proxumus,
1130 1395 1214 1477 quud

165 1522 237 1569 cum
259 1502 283 1568 C
306 1509 416 1566 contre
438 1500 465 1564 B
487 1498 627 1567 codicem
661 1499 875 1565 retinebimus.
920 1499 963 1564 Et
985 1505 1057 1580 pust
1087 1498 1215 1562 mudum

164 1603 321 1670 finitivum
351 1603 497 1668 similiter
537 1602 687 1667 omissum
719 1607 769 1667 est
798 1601 927 1666 verbuur
960 1600 1214 1666 substantivum:

164 1707 251 1771 Trin.
273 1725 302 1770 v.
325 1704 389 1771 535
410 1705 481 1771 Alii
511 1704 691 1769 exsuiuiwm
714 1704 871 1782 adierunt,
897 1704 957 1769 eiii
980 1705 1132 1782 emerici,
1156 1703 1216 1768 elii

165 1831 198 1874 se
221 1809 423 1890 suspendere.

252 1911 345 1975 Meru.
368 1930 397 1975 v.
420 1907 481 1973 951
515 1908 566 1973 irie
593 1910 681 1977 home
711 1928 778 1972 noe
799 1928 900 1973 senes
913 1907 928 1992 ΙΙ
942 1907 1112 1972 Mediocre
1135 1907 1215 1971 emi-

166 2035 222 2079 ces
245 2014 323 2095 quire
339 2032 501 2094 properas
522 2010 624 2076 mihi?

165 2117 230 2180 iarn
253 2116 413 2196 Guyetus:
437 2118 553 2178 secuse
572 2111 738 2176 inutiliter.

253 2217 328 2280 Trin
354 2234 381 2280 v.
404 2216 467 2281 366
489 2215 546 2280 sed
567 2215 618 2279 hie
640 2214 810 2279 admodwm
832 2214 1101 2304 adulescentulus.

252 2317 349 2382 Bach.
371 2337 400 2383 u.
425 2317 487 2382 774
516 2317 623 2398 Atque
652 2317 703 2381 ieie
735 2317 861 2398 quidem
893 2317 1006 2398 opinor
1032 2314 1217 2398 Chrysalus.

253 2418 350 2485 Bech.
373 2439 402 2484 v.
427 2417 510 2484 1105
531 2418 582 2483 hic
605 2418 732 2500 quidem
748 2423 847 2500 puter
866 2417 1062 2483 Mnesilochi
1076 2437 1100 2482 ::
1122 2417 1215 2501 Eece

167 2525 287 2589 socium
308 2542 483 2587 aerumnae
505 2527 536 2585 et
555 2522 617 2586 mei
638 2521 716 2586 maii
737 2522 836 2586 video.

254 2627 300 2690 sic
321 2643 447 2689 versum
470 2622 588 2688 format
609 2623 772 2704 Fleckeis‚
795 2622 849 2705 qui
873 2628 979 2687 temen
1001 2621 1082 2688 falso
1106 2622 1219 2688 scribit

169 2729 344 2811 quideme,-
373 2726 526 2790 audacius
559 2724 699 2790 Ritschl:
730 2726 782 2791 iric
812 2725 939 2807 quidem
963 2729 1062 2807 peter
1092 2725 1218 2790 Mnesi-

169 2830 281 2896 lochist
302 2848 324 2893 ::
346 2828 439 2912 Euye
461 2829 581 2892 socium
602 2848 777 2893 aereumae
798 2829 897 2893 video.

256 2931 321 2995 Mil.
345 2949 373 2994 v.
397 2930 460 2994 760
474 2929 598 3010 probes
618 2930 670 2994 hic
693 2949 807 3013 conyer
826 2930 978 3013 friyidus.

256 3031 341 3096 Trin.
363 3050 391 3095 v.
416 3031 478 3097 706
501 3030 615 3096 Facile
631 3032 779 3113 palmum
801 3031 914 3096 iubes:
937 3031 1123 3095 dioecetes:
1145 3029 1222 3094 eicit

170 3143 228 3202 tue
250 3134 419 3200 comoedia.

255 3237 331 3303 Mib.
354 3257 383 3302 v.
407 3236 490 3302 1179
512 3256 591 3299 eam
611 3236 641 3300 is
664 3234 747 3300 cuius
770 3234 971 3300 thalassius.

171 3341 256 3419 Quid
279 3340 399 3405 attinet
421 3338 505 3419 qued
528 3337 650 3402 Nonius
673 3335 785 3401 habet:
810 3337 865 3402 eoi.
889 3336 964 3402 thei.
988 3336 1058 3402 est?

256 3443 356 3508 Andr.
379 3461 408 3505 v.
431 3442 494 3507 360
515 3439 693 3506 Paululrrnn
708 3439 835 3505 obsoni:
857 3439 948 3520 ἰρεαε
963 3439 1086 3504 tristis:
1108 3438 1147 3502 de
1168 3437 1220 3501 in·
1294 3446 1299 3456 ‘

165 3548 297 3629 preciso
317 3545 463 3626 nuptiae.

257 3647 380 3712 Deinde
395 3645 461 3711 Mil.
485 3663 513 3709 v.
530 3645 593 3711 986
615 3644 693 3710 ineec
717 3643 806 3709 eeioe
819 3642 918 3720 iliius,
942 3663 1024 3725 quae
1046 3643 1120 3708 irinc
1136 3663 1231 3726 cyre-v

171 3753 261 3816 dc'tur
283 3750 497 3815 internuntia.
511 3745 530 3833 ΙΙ

260 3853 350 3934 Quae
371 3851 449 3916 haee
472 3850 581 3916 celox?

257 3955 303 4020 sic
325 3972 395 4019 curn
418 3951 445 4016 B
468 3952 681 4017 scribendum,
699 3956 765 4028 est,
796 3949 857 4016 etsi
881 3949 906 4016 0
927 3948 1026 4016 hebet
1055 3949 1144 4016 iilius
1167 3952 1222 4028 est,
