2768 4710
580 302 790 368 „45-

164 478 257 547 sunt,
287 472 343 538 ubi
372 494 405 538 es
434 477 507 553 post
530 494 583 538 -us
605 473 744 538 traditur
774 476 808 538 et
828 471 890 537 viri
920 471 1005 535 docti
1027 474 1215 536 statuerunt

164 575 225 640 has
247 575 389 658 syllabas
411 575 444 640 in
464 594 558 640 unam
582 576 756 642 coalescere
778 575 910 640 debere:

249 679 334 742 Trin.
350 697 379 742 v.
395 675 457 742 985
482 678 585 758 Quum
601 677 727 742 obrem?
749 697 771 741 t:
797 678 881 758 Quia
894 678 986 742 illum
1001 698 1092 758 quem
1108 698 1212 741 ameu-

77 799 80 806 ·
164 781 241 846 titus
271 802 303 845 es
322 782 327 862 Ι
346 801 406 864 epo,
431 801 500 844 sum
522 782 614 860 ipsus
648 777 841 844 Charmides.
874 779 926 844 sie
954 797 1081 843 versum
1110 781 1147 843 R.
1177 781 1209 844 in

165 882 306 947 editione
336 882 440 962 prima
469 883 500 946 in
530 888 651 947 textum
676 882 794 961 recepit
815 887 912 962 atque
934 882 974 945 de
996 881 1055 945 hac
1078 899 1212 946 caesura

163 985 361 1064 secundaria,
377 1002 456 1064 quae
472 989 521 1049 est
536 990 609 1064 post
623 984 766 1065 quintam
782 984 889 1063 arsim‚
912 985 978 1063 egit
993 983 1076 1048 Prol.
1091 1003 1122 1064 p.
1139 984 1212 1048 274.

101 1099 105 1105 “
167 1086 245 1152 Cum
261 1092 367 1150 autem
390 1087 506 1150 iterum
522 1088 630 1150 ederet
646 1086 726 1150 bane
740 1085 891 1163 fabulam,
914 1104 989 1150 usus
1004 1092 1054 1150 est
1069 1085 1213 1150 Fleckei-

165 1189 232 1254 seni
255 1191 436 1254 coniectura
458 1188 625 1253 scribentis
648 1189 814 1252 emeutitus
835 1189 873 1264 is,
896 1194 1085 1267 quaerente
1108 1207 1211 1269 neque

168 1292 346 1356 necessarie
368 1295 417 1355 est
444 1295 478 1354 et
507 1291 692 1373 pastillum
713 1291 811 1355 etiam
840 1282 1063 1372 ispronomen
1086 1308 1155 1353 eum
1180 1291 1213 1355 vi

164 1394 302 1474 quadam
332 1393 401 1458 aeui
426 1392 503 1457 mibi
532 1393 664 1457 nimium
692 1392 819 1457 videtur
850 1411 928 1457 esse.
972 1393 1096 1471 Verum
1113 1392 1213 1456 enim-

163 1515 238 1560 vero
261 1495 289 1559 si
320 1495 530 1576 amplecterer
559 1496 640 1561 hanc
662 1495 885 1575 mutationem,
905 1495 1064 1576 -equidem
1086 1493 1214 1558 facilius

167 1597 337 1661 scriberem
353 1600 519 1662 emeutitus
533 1599 562 1662 is
576 1602 699 1662 mutato
721 1618 753 1661 es
775 1598 806 1661 in
829 1599 867 1676 ia,
889 1602 922 1661 et
944 1618 977 1661 es
992 1597 1078 1660 verbi
1099 1597 1213 1661 omissi

165 1701 249 1781 apud
266 1697 443 1779 perlectum
465 1702 631 1764 emautitus
652 1719 750 1781 supra
772 1699 866 1764 attuli
890 1700 1033 1780 exempla
1055 1703 1088 1764 et
1111 1699 1215 1763 multa

83 1851 86 1857 .
163 1801 280 1865 similia
302 1801 346 1884 (p.
370 1803 411 1866 26
434 1807 466 1866 et
488 1801 553 1885 38).
599 1803 727 1866 Minime
749 1821 823 1867 vero
839 1802 898 1865 hoe
919 1802 987 1865 loeo
1009 1800 1111 1881 primo
1133 1800 1215 1863 seri-

163 1903 269 1968 berem
299 1903 366 1968 sine
395 1903 459 1968 ulla
482 1905 670 1969 necessitate
692 1906 764 1983 -u’s,
793 1905 939 1984 quoniam
968 1902 1073 1968 adhuc
1097 1902 1215 1981 nescio,

168 2024 241 2069 num
264 2006 343 2069 haec
364 2023 502 2085 unquam
525 2007 683 2071 exstiterit
707 2005 909 2088 synaloepha.
953 2004 1087 2082 Prorsus
1108 2004 1216 2068 simile

163 2108 239 2187 quid
261 2107 397 2174 occurrit

248 2210 333 2274 Trin.
356 2229 385 2274 v.
407 2211 468 2275 977
492 2209 595 2275 Proiu
618 2216 683 2276 tute
704 2213 814 2276 itidem
835 2215 873 2275 ut
895 2209 1112 2274 charmidatus
1135 2230 1169 2273 es
1186 2212 1195 2289 <l

161 2333 290 2376 rursum
311 2313 514 2377 rechurmida

248 2414 294 2478 sic
316 2434 427 2480 versus
458 2416 599 2480 traditur
621 2416 730 2479 eadem
753 2433 901 2494 caesura,
924 2434 1019 2496 quam
1042 2415 1069 2478 si
1091 2415 1210 2479 statui-

165 2535 243 2595 mus,
266 2517 381 2596 nescio‚
403 2535 465 2599 quo
481 2519 572 2583 modo
589 2518 745 2600 ingratior
761 2537 828 2582 esse
844 2518 944 2598 possit
963 2517 1016 2599 (ef.
1033 2518 1069 2580 R.
1085 2516 1214 2600 Proleg.

164 2639 195 2701 p.
207 2618 283 2697 215)
296 2619 374 2683 haec
387 2619 554 2684 verborum
568 2620 785 2685 charmidatus
797 2642 829 2686 cs
840 2621 872 2685 in
889 2639 1021 2685 caesura
1031 2619 1215 2699 diremptio.

167 2722 230 2787 Sed
252 2722 453 2787 Hermaunus
474 2722 616 2802 scripsit:
649 2721 803 2812 tProiuda
825 2729 860 2788 tu
880 2723 990 2787 itidem
1017 2726 1055 2786 ut
1077 2722 1216 2786 charmi-

171 2826 276 2890 datu's
297 2846 427 2889 rursum
449 2830 477 2889 te
497 2816 726 2903 reehurmida',
758 2831 790 2889 et
813 2825 866 2889 a:
891 2825 991 2905 proiu
1022 2829 1087 2889 tute
1119 2824 1154 2887 it.
1178 2829 1218 2889 ut

169 2927 396 2991 charmidatu's
424 2948 554 2992 rursum
584 2931 612 2990 tc
642 2928 855 2992 decharmida.
899 2926 963 2992 Cur
991 2931 1099 2990 autem
1123 2930 1158 2991 iu
1182 2934 1217 2991 et

142 3053 143 3056 ¹
167 3035 197 3095 te
223 3029 321 3094 verba
343 3029 576 3112 coniunguntur
606 3029 636 3092 in
660 3030 779 3095 unum?
821 3028 910 3106 Quod
935 3028 962 3092 si
985 3048 1045 3093 non
1068 3027 1216 3108 facimus,

168 3151 227 3196 non
251 3151 394 3197 caremus
416 3132 607 3197 accusativo.
650 3131 769 3197 Versus
791 3132 890 3212 igitur
912 3136 961 3195 est
984 3131 1051 3195 hic:

251 3233 354 3299 Proiu
382 3240 417 3299 tu
446 3240 475 3299 te
503 3234 613 3299 itidem
643 3240 680 3299 ut
708 3233 924 3299 charmidatus
955 3234 987 3297 e‘s
1007 3253 1137 3298 rursum
1160 3233 1217 3298 de-

171 3336 343 3401 churmidu.
1064 3352 1067 3357 ’

251 3441 313 3504 -u’s
347 3445 452 3504 autem
482 3438 693 3521 synaloephae
722 3459 761 3505 ne
793 3440 844 3504 bic
877 3440 1005 3521 quidem
1035 3438 1132 3503 ullum
1157 3456 1218 3519 ap-

165 3541 272 3622 paruit
295 3542 471 3624 vestigium.
517 3540 579 3605 Sed
602 3541 753 3606 Fleckeis.
776 3543 888 3607 scribit

250 3644 331 3707 Rud.
353 3663 382 3708 r.
408 3646 466 3710 181
491 3642 529 3709 Si
563 3649 598 3708 tu
628 3645 666 3708 de
688 3645 819 3709 illarum
841 3649 1014 3709 amaturus
1035 3645 1160 3725 uesperi
1184 3665 1220 3708 es

249 3745 325 3811 Illis
348 3747 527 3811 euraudum
550 3766 667 3824 causeo,
691 3745 878 3828 Sceparuio,

229 3847 290 3913 'Si
311 3849 402 3929 apud
422 3850 493 3913 mid
514 3850 661 3926 esedru's,
683 3850 761 3913 mihi
782 3851 887 3914 dicari
909 3870 1038 3931 operam
1059 3849 1128 3913 oola

247 3950 321 4014 libri
351 3956 458 4015 autem
485 3969 610 4015 versum
643 3969 755 4016 sanum
784 3952 951 4033 praebent:
983 3951 1074 4032 apud
1094 3971 1143 4015 me
1167 3973 1218 4017 es-

162 4054 260 4118 sarus
282 4054 323 4132 e's,
345 4052 423 4118 mihi
445 4054 519 4118 dari
541 4073 670 4135 operam
695 4053 783 4133 oolo;
805 4072 900 4134 quarn
917 4054 1110 4135 scripturam
1126 4063 1219 4122 recte
