2790 4988
675 316 887 382 ..94-

256 484 324 548 Att.
346 483 402 563 IX,
424 484 455 564 5,
478 484 498 548 2
526 485 626 574 talter
653 485 820 570 rebulosas
851 489 934 566 dies,
967 486 1050 552 alter
1069 475 1236 568 maotas’?
1266 483 1310 548 Et

258 586 406 668 queniam
438 604 548 651 versus
579 605 710 654 mancus
732 595 799 670 est,
822 588 960 656 fortasse
982 588 1072 655 aliud
1093 587 1308 670 quaerendum

258 692 308 752 est
336 688 520 753 remedium.
564 688 674 771 Neque
704 710 780 758 vero
802 693 896 758 Most.
926 711 954 760 v.
976 691 1040 756 288
1069 711 1187 755 aurern
1217 694 1310 770 turpe

259 790 387 856 mulieri
408 791 584 873 quidquam
605 792 785 860 addendum
808 802 865 860 est.
913 812 917 819 ·

343 892 466 958 Deinde
494 893 644 975 queniam
666 896 861 962 Ritsehelins
884 897 1040 963 concessit
1062 895 1158 977 apud,
1180 893 1310 985 ,metes

259 987 380 1061 seatas’
412 1000 444 1060 et
474 994 592 1061 similia
620 998 726 1063 omitti
747 1000 889 1081 verbum,
918 1019 982 1065 nan
1003 999 1096 1065 libuit
1116 996 1164 1062 illi
1185 1001 1310 1061 mutare

259 1098 356 1165 Stich.
390 1118 418 1164 v.
441 1099 500 1164 30:
535 1121 628 1191 taare
656 1101 720 1166 rer·
747 1104 852 1168 ababa
880 1105 971 1168 doato
1000 1106 1038 1167 at
1067 1100 1231 1178 abierant,
1260 1099 1311 1164 bia

261 1203 373 1267 tertias
395 1197 531 1281 aaaas',·
553 1223 655 1286 neque
678 1208 726 1268 est
745 1205 925 1271 addendum
941 1211 991 1271 est
1012 1223 1084 1270 aum
1099 1202 1147 1271 ll.
1169 1203 1202 1268 tn
1217 1201 1311 1278 Pam·

262 1324 334 1386 pan.
358 1303 396 1369 fr.
421 1307 460 1370 Ii
472 1324 478 1368 :
501 1303 583 1370 Dies
605 1306 656 1372 br‘e
677 1311 786 1372 sertas
809 1327 880 1374 eam
900 1308 983 1374 arbal
1004 1308 1053 1391 aqi
1073 1343 1115 1352 -
1152 1319 1153 1322 ’

344 1406 454 1489 Neque
483 1427 557 1474 vero
590 1408 652 1474 hoe
682 1410 787 1491 spatio
825 1411 1066 1493 circumscripta
1096 1413 1146 1475 est
1177 1405 1311 1472 libertas

261 1510 429 1574 omittendi
457 1512 515 1576 sed
544 1511 588 1576 ibi
610 1530 736 1595 quaque
758 1513 864 1578 amitti
886 1520 934 1580 est
953 1518 1072 1597 potest,
1101 1511 1156 1577 ubi
1177 1527 1311 1592 praepa·

261 1613 336 1677 sitia
365 1629 436 1677 eum
467 1631 544 1678 casu
575 1615 796 1695 praedicatum
827 1621 877 1682 est
898 1618 949 1684 vel
977 1635 1072 1683 casus
1094 1615 1222 1679 dativus
1244 1612 1312 1676 sive

262 1713 437 1780 ablativus:
460 1713 497 1780 et
513 1734 595 1797 quae
610 1716 778 1783 attulimus
794 1738 824 1800 p.
840 1721 883 1784 70
897 1739 966 1803 squ.
981 1721 1022 1786 de
1038 1722 1116 1785 suat
1128 1717 1176 1781 ita
1191 1715 1308 1780 amissa

263 1823 295 1882 at
316 1818 405 1883 vide:
429 1816 492 1882 Oia
516 1819 558 1882 ad
573 1816 647 1882 fam.
670 1818 729 1899 111,
752 1821 782 1900 I,
806 1822 823 1885 1
847 1820 968 1889 Romae
990 1828 1021 1888 et
1040 1822 1178 1887 maxime
1199 1817 1313 1899 Appia

263 1920 308 1984 ad
328 1919 452 1986 Martis
474 1921 558 1985 mrra
574 1920 758 2002 melariam
788 1923 831 1987 ad
852 1925 921 1991 Att.
943 1926 1015 2006 VH,
1039 1927 1090 2005 13,
1112 1923 1132 1987 2
1154 1941 1227 2003 spes
1248 1939 1312 1984 ara·

262 2022 559 2089 substentatus
587 2025 719 2090 retentis
739 2045 848 2108 paese
868 2028 985 2094 alr'ear's
1014 2025 1195 2112 beiaadas.
1227 2022 1312 2102 XVI,

262 2125 293 2206 5,
326 2126 348 2190 4
377 2146 496 2210 aeaeae
530 2120 617 2212 ῥοπή
651 2127 697 2191 ad
717 2129 989 2210 proficiscendum
1026 2131 1063 2195 ia
1092 2129 1157 2194 tais
1189 2125 1312 2192 litteris.

263 2229 385 2294 Deinde
407 2229 435 2293 si
455 2227 591 2310 legimus
614 2227 743 2294 adfam.
757 2231 797 2311 X,
822 2233 871 2313 12,
893 2234 914 2297 3
937 2252 971 2298 ea
993 2236 1100 2298 autem
1122 2231 1173 2296 aar
1195 2247 1314 2312 maara

263 2331 342 2398 mibi
366 2352 428 2415 pro
458 2335 516 2396 trra
538 2330 693 2414 diaaitate
716 2335 873 2400 enatemr‘a
896 2332 1134 2411 everberatur,
1165 2333 1221 2414 qai
1244 2350 1314 2396 eam

263 2435 372 2519 aratia
395 2434 556 2516 effecisset,
588 2438 625 2499 at
645 2455 708 2499 sua
728 2438 888 2503 serateratr‘a
904 2439 1016 2519 prima
1037 2434 1313 2518 pronuntiaretur,

264 2536 416 2620 frequens
439 2557 509 2601 earn
530 2541 662 2601 serratas
682 2537 821 2620 reliqua,
843 2559 906 2604 nan
927 2539 1030 2619 videa,
1052 2559 1115 2622 quo
1137 2538 1207 2603 iure
1220 2537 1312 2601 Lam-

266 2637 360 2704 binus
390 2640 550 2705 addiderit
582 2644 630 2704 θεῖ
658 2639 788 2705 verbum
818 2642 861 2706 ad
888 2639 961 2707 fam.
992 2642 1081 2722 XIII,
1105 2642 1154 2721 19,
1189 2641 1206 2704 1
1235 2637 1314 2705 Gara

266 2740 395 2824 Lyaoae
415 2739 571 2807 Patrensi
594 2745 641 2805 est
659 2741 738 2806 mibi
760 2742 887 2824 quidem
915 2731 1087 2826 vespam
1107 2748 1198 2809 retas
1219 2761 1315 2825 qaam

269 2864 322 2928 aaa
352 2844 615 2910 aeaessbadr‘aem
643 2848 754 2908 sanate
776 2845 940 2912 aoleadarn
956 2852 1048 2929 pato,
1077 2847 1134 2912 sed
1155 2867 1194 2912 ea
1216 2864 1316 2910 eausa

269 2945 331 3030 [est
351 2945 438 3030 add]
462 2947 557 3012 etlam
573 2967 644 3012 eam
658 2945 734 3011 aliis
749 2947 974 3029 popularalms,
995 2950 1209 3033 familiaritas
1224 2951 1318 3013 taata

268 3050 357 3115 aella
389 3069 460 3115 eam
489 3049 618 3132 bosram
651 3046 688 3114 ef.
717 3050 823 3114 etiam.
855 3051 896 3115 ad
924 3053 992 3118 Αῖῖ.
1014 3053 1101 3132 XVI,
1125 3053 1153 3133 1,
1185 3053 1207 3116 4
1239 3049 1318 3133 qaid

271 3152 367 3236 erae?
398 3152 443 3218 ad
463 3151 542 3218 Kal.
582 3150 657 3216 Iarr.
688 3152 725 3216 ia
754 3150 869 3218 Pausa
895 3154 992 3238 opes?
1021 3153 1117 3242 λῆρος
1146 3151 1250 3229 πολὺς
1280 3153 1318 3217 ia

269 3257 344 3321 eirea
374 3260 405 3321 et
432 3275 541 3321 samaa
571 3255 722 3335 istarum
753 3255 840 3336 XIV,
865 3258 914 3339 11,
943 3258 963 3322 2
993 3257 1153 3324 Leatalas
1185 3254 1318 3338 Spiatrr

270 3359 361 3424 bodie
382 3359 473 3441 apud
492 3379 557 3436 rae,
590 3377 663 3422 aras
691 3358 741 3423 bia
767 3379 888 3424 mearra
909 3360 1034 3426 Balbus
1056 3397 1098 3408 -
1120 3360 1211 3424 modo
1232 3357 1320 3423 rear't

276 3461 426 3528 Oetaar‘as
439 3462 466 3538 ¹)

356 3563 400 3628 Et
420 3569 552 3645 prepter
573 3561 625 3628 bia
647 3564 832 3630 adverbium
853 3564 932 3631 mihi
952 3565 1049 3632 liceat
1070 3581 1319 3632 commemorare

271 3667 366 3749 Verg.
390 3668 445 3732 eal.
467 3667 507 3747 X,
529 3667 571 3731 42
592 3666 642 3731 be'a
663 3666 762 3750 aelidi
779 3668 894 3749 fantes,
920 3668 972 3734 bia
992 3669 1102 3735 mellea
1118 3672 1230 3750 prata,
1252 3664 1318 3747 Ly-

274 3770 353 3850 earr‘,
383 3770 448 3837 Hr'a
477 3790 608 3848 aemas;
637 3768 732 3851 Prop.
754 3770 810 3850 IV,
841 3771 872 3851 3,
902 3772 943 3836 23
973 3771 1024 3837 br'e
1054 3791 1154 3856 aereus
1182 3769 1320 3852 deridear

346 4033 371 4091 1)
389 4032 450 4077 Aen.
470 4029 514 4088 IV,
533 4030 581 4077 819
609 4029 632 4076 ai
654 4027 707 4088 qaia
731 4028 812 4077 aditae
833 4030 945 4093 praeibam
967 4031 1032 4078 laem
1058 4028 1133 4088 Prop.
1151 4028 1183 4088 11,
1203 4030 1226 4087 l,
1245 4029 1260 4075 ὁ
1279 4025 1323 4075 aad

274 4130 375 4181 manaae
394 4114 485 4199 Caesar
501 4116 527 4162 ia
544 4115 620 4163 arania
