2768 4710
582 296 794 362 ..36-

255 469 376 534 Versus
405 469 516 550 plenus
547 474 611 548 est,
645 469 802 536 sententia
831 487 919 537 sana.
970 469 1060 535 Unus
1090 473 1215 533 tantum

167 577 270 637 restat
293 570 470 652 scrupulus
492 589 585 652 quem
608 573 698 638 nobis
719 592 829 640 versus
851 573 982 638 ultimus
1005 591 1061 653 pes
1084 570 1215 652 infigere

168 673 272 738 debet.
324 672 417 748 Quod
455 670 716 754 impedimentum
755 695 815 741 non
853 694 1014 741 removere
1048 689 1216 757 possumus

166 775 228 840 uisi
249 775 313 841 alia
341 776 456 841 audaci
488 776 736 858 transpositione
758 778 861 862 (velut
884 778 1007 843 obsecro
1029 782 1058 841 te
1079 776 1157 840 miti
1178 780 1216 839 et

167 878 222 943 des
251 897 379 960 operam
411 881 556 962 qeisqec's
587 901 619 944 es
640 880 689 945 vel
713 881 835 946 obsecro
864 887 893 946 te
924 900 1053 963 operum
1081 883 1119 942 et
1139 877 1217 942 etei

168 982 223 1045 des
245 982 390 1063 qee'sqm‘s
412 983 456 1060 es)
488 987 545 1047 aut
574 981 652 1046 nihil
680 982 767 1049 aliud
796 983 952 1064 reliquum
982 987 1033 1047 est
1063 997 1158 1061 quam
1181 983 1217 1044 ut

166 1088 346 1148 statuamus
368 1084 519 1149 Plautum
549 1083 609 1149 sibi
638 1084 697 1149 hoc
728 1085 797 1151 loeo
818 1085 997 1151 indulsisse.
1041 1083 1160 1163 Utique
1183 1103 1215 1146 es

165 1185 298 1249 verbum
321 1187 431 1252 deesse
455 1187 565 1269 nequit
595 1204 694 1266 neque
724 1205 793 1252 cum
817 1187 991 1255 Ritschelio
1014 1191 1125 1252 contra
1148 1188 1216 1248 tra-

163 1286 263 1353 ditam
297 1288 461 1354 lectionem
493 1295 525 1354 et
555 1289 745 1370 scripturam
777 1289 915 1356 scribere
945 1290 1096 1355 debemus
1129 1288 1215 1369 qeis-

164 1391 262 1472 qei's,·
293 1410 366 1455 nam
397 1412 429 1455 es
460 1391 492 1454 iu
524 1391 585 1456 hac
616 1391 834 1457 coniunctione
864 1411 933 1457 esse
961 1391 1088 1472 plenam
1119 1388 1217 1471 sylla-

165 1491 238 1556 bam
252 1498 304 1557 sat
325 1494 435 1559 multis
456 1494 580 1559 ostendi
593 1494 744 1576 exemplis
765 1500 798 1559 et
820 1495 895 1560 talis
911 1493 1086 1559 coalitionis
1108 1492 1215 1556 adhuc

164 1594 218 1659 ubi
242 1595 340 1661 ullum
367 1602 417 1662 est
439 1595 630 1678 vestigium?
674 1596 782 1679 Neque
804 1597 970 1662 Terentius
1002 1596 1090 1660 aliud
1119 1594 1217 1659 habet

163 1699 260 1776 atque
283 1697 427 1781 qee‘sqee's
456 1699 496 1777 es,
527 1700 584 1764 sed
607 1698 659 1763 hic
681 1719 777 1765 unum
804 1701 883 1766 satis
909 1696 1145 1765 memorabilem
1170 1696 1216 1760 lo·

167 1817 238 1864 cum
261 1816 485 1865 commemoro:

250 1901 340 1967 Adel.
363 1923 391 1968 v.
414 1903 494 1969 394:
528 1903 579 1969 Te
609 1909 894 1988 penatespenates
922 1905 972 1969 eil
992 1904 1057 1968 misi
1087 1903 1217 1984 sepiem-

167 2003 215 2067 tt'u
238 2025 270 2068 es

251 2106 433 2174 eishabent
455 2125 562 2173 omues
577 2107 660 2190 libri,
683 2110 837 2188 Priscian,
861 2109 974 2174 Donat.
997 2126 1099 2188 neque
1113 2107 1217 2173 Bentl.

166 2207 338 2289 quidquam
369 2211 524 2291 mutavit,
554 2212 611 2275 sed
634 2212 787 2278 Fleckeis.
818 2219 849 2277 et
872 2209 1039 2292 Umpfenb.
1061 2211 1113 2276 hic
1136 2229 1215 2292 quo-

56 2327 58 2332 ’
166 2328 227 2390 que
259 2312 455 2394 scripserunt
484 2317 786 2396 qeeemsqeuete's.
830 2313 918 2379 Nihil
949 2319 1055 2379 autem
1088 2317 1215 2378 mutan-

166 2413 242 2477 dum
263 2420 330 2496 est,
360 2435 431 2480 nam
462 2436 533 2482 oum
565 2422 600 2482 te
628 2418 812 2498 pronomine
834 2417 911 2480 illud
935 2415 1122 2481 vocabulum
1145 2419 1216 2480 arte

166 2517 366 2580 coniunctum
389 2524 439 2582 est
461 2525 494 2584 et
516 2519 618 2600 magis
649 2526 818 2585 excusatur
849 2519 979 2584 omissio
1008 2518 1154 2599 sequenti
1184 2539 1216 2582 es

165 2617 277 2683 verbo:
307 2619 367 2684 De
388 2621 450 2686 bist
477 2623 536 2686 wie
557 2642 646 2705 pross
668 2623 752 2687 aecii
778 2623 889 2686 emmer
910 2621 1015 2686 meets
1036 2621 1087 2685 als
1115 2619 1216 2686 Weis-

166 2720 237 2785 tce't.
281 2720 391 2804 Neque
420 2744 495 2789 vero
530 2743 587 2790 nos
619 2725 725 2790 dicere
756 2741 939 2805 possumus:
970 2723 1023 2787 iet
1044 2724 1217 2788 beschmrim

167 2825 325 2890 dietmar
347 2827 431 2892 aecii
451 2827 571 2906 immor,
594 2827 621 2891 si
644 2826 721 2891 mihi
743 2827 819 2891 licet
841 2826 874 2891 id
896 2825 928 2891 in
952 2823 1217 2907 comparationem

167 2944 289 2991 vocare.
325 2927 408 2993 Sane
430 2929 562 2994 interest
585 2928 781 3007 aliquantum
805 2930 889 2993 inter
914 2933 949 2993 te
971 2931 1217 3010 qeuetesqeee·

170 3034 237 3107 tes,
262 3030 315 3095 ubi
338 3030 494 3096 habemus
516 3030 607 3111 quasi
630 3029 878 3111 appositionem,
912 3036 945 3094 et
968 3036 996 3094 te
1019 3030 1165 3111 qeisqeis
1179 3031 1216 3108 1).

255 3133 346 3214 Capt.
370 3152 398 3198 v.
421 3133 484 3199 928
508 3132 630 3198 Fecisti
645 3137 682 3198 et
693 3132 750 3197 tibi
763 3153 930 3215 meeqeusm
944 3133 1065 3214 referre
1079 3133 1219 3215 pretium

163 3236 286 3317 possim
308 3236 396 3314 setis,

253 3336 397 3403 Procede
418 3343 456 3403 et
477 3342 513 3402 te
529 3339 725 3419 promeritus
748 3340 785 3403 de
806 3360 854 3403 me
876 3344 907 3403 et
926 3339 1003 3420 filio,

258 3439 311 3502 ubi
343 3441 452 3506 deesse
474 3458 566 3521 posse
589 3462 621 3504 es
650 3442 713 3506 iam
741 3459 839 3522 supra
860 3441 1065 3520 ostendimus,
1086 3459 1157 3505 cum
1182 3440 1220 3504 de

171 3543 302 3607 marites
323 3541 465 3624 perfecto
486 3561 653 3624 ageremus
675 3547 716 3624 (p.
733 3543 787 3623 22)
809 3543 891 3607 Item
914 3561 1011 3623 supra
1033 3542 1096 3606 iam
1113 3542 1215 3606 allata

175 3650 250 3708 sunt
281 3644 437 3726 exempla:
477 3645 593 3711 habeus
622 3651 660 3711 et
687 3650 826 3710 enectus
856 3649 899 3726 (p.
932 3647 993 3724 17.)
1028 3642 1220 3709 Defenditur

173 3745 273 3828 igitur

245 3987 272 4054 1)
292 3989 322 4036 ci.
339 3991 412 4050 Prop.
429 3991 473 4049 IV,
492 3994 533 4047 21,
553 3993 584 4038 15
601 3991 724 4038 Romaene
735 3997 813 4038 terres
830 3989 1109 4048 caenomanensium,
1129 3989 1223 4048 qualis·

175 4089 263 4134 ermque
281 4075 341 4122 midi
354 4082 425 4134 tuque
437 4076 522 4135 puella
538 4077 601 4126 vale.
