2768 4710
510 308 722 377 ..55-

175 476 267 543 Nunc
298 479 482 546 adscribere
513 479 591 545 mihi
621 480 716 547 liceat
746 482 895 547 nonnulla
924 483 1068 564 exempla
1098 486 1138 550 de
1189 560 1193 565 ,

89 579 206 660 quibus
238 580 365 645 minime
388 581 569 665 dubitatur,
600 585 675 664 quia
702 605 773 650 sum
800 583 868 650 sine
890 585 1004 650 damno
1029 603 1138 652 versus

88 682 187 746 inseri
204 701 264 747 non
280 688 396 764 potest,
415 683 470 748 sed
486 703 567 767 quae
583 705 640 751 nos
656 689 769 752 docent
786 688 818 750 in
834 705 964 767 prorsus
981 686 1138 752 similibus

89 785 234 851 versibus
258 794 437 866 nequeant
466 792 513 851 esi
533 794 589 851 aut
611 810 644 853 es
667 789 910 855 desiderandum
935 807 1021 854 esse:
1053 790 1135 854 Rud.

88 906 117 952 v.
142 887 206 951 740
231 887 308 951 Nou
339 891 374 951 tu
400 885 591 970 Cyrenensis
619 892 674 955 es?
696 909 721 955 ::
744 890 845 955 Immo
875 891 1013 956 Atheuis
1039 897 1137 956 motus

88 989 236 1072 ultusque
263 991 479 1072 educatusque
499 991 619 1056 Arrius
662 992 754 1074 Capi.
777 1012 805 1056 v.
826 993 887 1057 857
918 992 1000 1059 Tum
1031 998 1066 1058 tu
1093 995 1138 1059 mi

87 1093 188 1176 icitur
205 1114 279 1157 erus
297 1092 353 1157 es?
375 1110 399 1155 t:
422 1091 525 1157 Immo
540 1093 722 1160 beueooieus
745 1095 831 1160 Pers.
850 1116 879 1160 v.
897 1095 959 1160 378
980 1095 1138 1161 Fuiuro's

89 1195 173 1260 dicto
201 1195 365 1260 oboedieus
396 1215 440 1259 ou
468 1215 534 1259 uou
556 1197 675 1277 pomi?
703 1216 727 1262 τε
756 1197 887 1262 Fuiuro
923 1197 1002 1262 Eun.
1026 1217 1054 1261 r.
1072 1199 1135 1264 462

86 1296 208 1362 Iiurou
232 1296 332 1362 Thais
358 1300 508 1380 quopiam
537 1297 591 1363 es?
637 1296 694 1363 du.
715 1298 818 1364 Ehem
839 1297 1014 1379 Parmeno,
1045 1299 1137 1365 Beue

86 1401 206 1482 fecisti:
237 1401 328 1466 hodie
348 1403 457 1466 ituro:
485 1398 556 1464 Po:
580 1400 674 1483 Quo?
709 1405 743 1465 et
764 1400 878 1466 similis
907 1400 994 1466 locus
1020 1408 1070 1466 est
1093 1405 1135 1467 ad

88 1507 155 1567 Att.
178 1503 249 1584 VII,
273 1505 301 1582 d,
324 1505 344 1568 2
372 1505 466 1581 dices,
496 1502 576 1584 quiri
605 1506 640 1567 tu
668 1504 768 1586 initur
796 1523 950 1569 seusurus
981 1504 1038 1568 es?
1069 1526 1136 1569 uou

86 1606 171 1670 idem
193 1607 277 1688 quod
298 1607 453 1670 dicturus.

172 1708 316 1790 Denique
332 1707 457 1773 silentio
478 1705 563 1771 haud
581 1707 799 1787 praeterierim
818 1707 875 1772 hos
891 1725 1001 1774 versus
1018 1709 1135 1775 Teren·

88 1811 208 1875 tianos:

172 1913 297 1977 Phorm.
320 1932 349 1976 v.
371 1911 413 1975 48
448 1916 513 1989 Tu,
545 1911 601 1975 tibi
630 1931 744 1976 uomere
774 1912 826 1976 ciie
857 1913 936 1993 quid
964 1914 1034 1979 esi?
1075 1914 1135 1980 Ph.

87 2015 221 2080 Mihin?
251 2014 402 2080 Phormio

179 2117 310 2182 Vestrae
329 2116 476 2198 fomiiioe
492 2116 595 2180 hercle
612 2115 734 2181 amicus
756 2119 787 2179 ei
805 2120 858 2179 tuo
874 2137 1014 2183 summus
1029 2118 1135 2184 Phoe·

88 2221 196 2298 drioe,
226 2218 280 2284 ubi
310 2218 460 2284 Phormio
487 2224 536 2283 est
558 2217 636 2282 mihi
662 2237 775 2282 uomeu
805 2217 956 2284 Phormio
985 2225 1047 2300 esi‚·
1078 2223 1134 2288 sed

87 2322 182 2386 simul
198 2322 334 2387 sentitur
348 2321 509 2412 <Phormio
523 2312 615 2399 sum',
635 2320 682 2385 ita
697 2327 734 2383 ut
748 2321 907 2400 appositio
923 2323 1012 2403 sequi
1024 2324 1134 2404 possit.

86 2424 200 2507 Itaque
220 2424 352 2490 verbum
375 2420 609 2488 substantivum
640 2421 670 2485 in
702 2426 770 2486 toto
803 2441 882 2487 nexu
906 2425 1134 2490 sententiarum

89 2529 220 2594 auditur
241 2531 337 2609 atque
359 2528 499 2613 sentitur
520 2530 553 2589 ct
576 2522 703 2589 difficile
726 2524 821 2588 immo
844 2544 920 2590 vero
941 2525 1057 2591 falsum
1085 2535 1134 2592 est

90 2629 194 2695 dicere
216 2629 347 2693 verbum
377 2629 428 2693 hic
457 2626 606 2692 vel·illic
628 2626 779 2690 omissum
803 2645 881 2692 esse.
926 2629 986 2693 Hic
1009 2646 1133 2711 quoquc

87 2733 189 2813 magis
200 2733 314 2797 Latine
329 2731 447 2795 sentire
461 2748 554 2811 quarn
570 2727 693 2793 ratione
709 2735 835 2793 nostrae
850 2730 976 2813 linguae
992 2732 1132 2812 cogitare

88 2834 245 2901 debemus.
288 2833 397 2914 Neque
417 2832 511 2897 aliter
534 2850 585 2896 res
608 2849 641 2895 se
662 2830 758 2895 habet
788 2831 867 2897 Eun.
892 2850 920 2896 ν.
939 2834 1021 2901 1063
1046 2835 1133 2916 Quor

89 2957 160 3021 eryo
182 2938 218 3001 iu
239 2937 288 3000 his
312 2941 341 3000 te
364 2936 527 3016 cmospicor
548 2932 753 3017 reoiouihus?
796 2933 870 2998 Th.:
908 2935 1000 3000 Vobis
1019 2937 1133 3017 fretus.

89 3039 163 3104 Ph.:
194 3037 284 3104 Scire
307 3060 402 3121 quum
422 3036 550 3119 fredus?
580 3035 634 3100 ubi
658 3053 713 3099 nos
736 3034 939 3116 haesitamus,
961 3045 1069 3103 utrum
1090 3040 1130 3105 ad

88 3142 186 3206 verba
210 3141 307 3232 tuobis
327 3131 445 3222 fretus'
471 3140 648 3220 conspicior
673 3160 695 3202 o
719 3142 748 3202 ie
770 3139 961 3219 cogitatione
983 3140 1131 3220 supplere

88 3246 260 3311 debeamus
282 3261 321 3307 an
345 3264 431 3320 sum,
453 3259 593 3323 proquo
617 3240 781 3323 sequentia
803 3240 900 3306 verba
917 3248 1069 3323 puguant.

172 3348 238 3411 Iam
260 3346 448 3411 accedamus
470 3345 511 3409 ad
534 3343 682 3407 omissam

316 3516 509 3583 secundam
530 3512 684 3599 pluralis
706 3530 895 3598 personam

171 3658 210 3721 de
233 3673 295 3737 qua
318 3653 465 3718 nonnulla
487 3651 628 3732 exempla
650 3651 713 3715 iam
736 3669 833 3733 supra
856 3651 990 3717 disiecta
1011 3650 1122 3717 attuli·

85 3777 164 3838 mus,
182 3765 218 3823 ut
233 3758 320 3821 Asin.
339 3775 367 3818 r.
381 3755 442 3819 134
458 3754 556 3818 More
572 3753 661 3818 houoi
676 3759 724 3818 est
736 3775 844 3818 more:
865 3774 919 3818 eos
934 3776 1022 3819 more
1039 3774 1128 3818 ocer-

84 3863 218 3939 rimum‚·
252 3859 348 3922 Andr.
376 3877 406 3921 v.
433 3855 496 3920 285
523 3855 669 3920 Accessi:
699 3876 753 3920 oos
779 3860 932 3921 semoioe:
962 3876 1021 3921 uos
1049 3856 1129 3935 soii;

86 3969 128 4044 (p.
146 3965 178 4042 6)
202 3963 297 4026 Haut.
321 3979 347 4024 v.
367 3959 428 4022 119
450 3959 540 4023 omho
562 3959 756 4022 occusoudi:
783 3960 841 4023 etsi
862 3958 947 4024 iiiuoi
967 3959 1128 4041 iucepium

85 4071 192 4131 tomen
210 4063 355 4128 Auimisi
366 4062 540 4144 prudentis
559 4063 684 4144 siouum
706 4061 793 4125 Asin.
811 4061 872 4126 648
896 4059 998 4141 Cupio
1016 4060 1128 4139 hercie,

906 4170 922 4224 5
