2790 4988
651 313 864 380 -84-

233 487 313 551 tatio
343 503 426 549 nunc
457 505 527 551 cum
560 487 836 550 demonstraturus
867 503 935 549 sum
960 485 1108 550 Plautum
1132 484 1228 549 etiam
1252 483 1283 547 in

234 609 312 671 opas
335 593 382 652 εει
404 586 541 652 formula
563 586 785 668 similibusque
808 587 935 652 minime
951 586 1168 668 repudiavisse
1189 585 1285 651 omis-

236 692 354 757 sionem
385 690 473 755 verbi
504 689 709 754 substantivi.
754 687 824 753 Etsi
853 689 933 753 mihi
964 707 1023 752 non
1047 687 1217 770 continget,
1248 693 1284 752 ut

232 798 388 872 quatenus
414 791 493 856 baec
517 796 629 872 pateat
654 791 798 870 omissio,
826 791 922 856 certis
948 789 1063 856 finibus
1085 790 1283 855 circumscri-

203 948 205 952 .
233 894 316 973 bam,
339 900 446 959 tamen
463 894 495 957 id
512 893 724 958 certissimum
740 898 790 958 est
804 893 901 960 etiam
917 893 1065 959 Plautum
1089 912 1169 973 opus
1183 892 1282 973 scrip·

233 997 313 1062 sisse
335 1013 393 1076 pro
423 1015 502 1077 opus
524 999 578 1059 est.
623 996 714 1073 Quod
739 999 774 1059 ut
796 1001 949 1075 statuam,
979 1013 1029 1058 me
1051 994 1196 1075 inprimis
1218 1013 1284 1058 mo-

233 1104 309 1164 vent
331 1117 369 1163 ea
391 1116 473 1178 quae
496 1097 583 1178 apud
605 1097 684 1161 alios
706 1098 876 1179 scriptores
898 1097 1004 1162 iuveni
1025 1097 1179 1177 exempla.
1223 1099 1284 1162 Le·

234 1201 338 1284 gimus
360 1207 469 1266 autem
501 1199 588 1279 apud
611 1198 791 1264 Ciceronem
822 1200 902 1264 satis
924 1199 1159 1264 memorabilem
1182 1200 1284 1266 locum

235 1303 276 1366 ad
303 1303 370 1367 Att.
395 1302 462 1382 XV,
485 1302 533 1382 1⁸,
557 1303 589 1366 1:
615 1303 707 1391 tquid
727 1302 805 1367 mibi
824 1303 891 1367 iam
911 1301 1053 1366 medico?
1076 1307 1136 1367 aut
1155 1303 1185 1367 si
1206 1323 1286 1385 opus

236 1409 282 1470 εει
313 1409 405 1469 tauta
435 1405 548 1487 iuopia
577 1396 644 1481 εει,
677 1403 731 1469 ubi
760 1405 793 1469 in
821 1404 881 1471 hac
912 1405 1161 1485 interrogatione
1184 1407 1283 1471 etiam

236 1527 315 1589 opus
339 1512 385 1572 εει
414 1506 592 1585 omittitur;
622 1507 664 1570 ad
682 1509 749 1571 Ati.
771 1507 825 1587 VI,
848 1508 878 1585 2,
901 1507 920 1571 9
942 1507 999 1572 sed
1018 1508 1085 1572 iam
1107 1509 1186 1590 quid
1207 1530 1287 1590 opas

236 1610 408 1693 equitatu?
451 1609 571 1674 Eadem
602 1609 728 1672 omissio
759 1610 881 1674 occurit
913 1608 1000 1689 apud
1020 1618 1134 1689 poetas
1155 1611 1287 1693 lyricos:

235 1712 304 1777 Tib.
328 1712 353 1792 I,
376 1712 406 1792 6,
428 1712 469 1776 33
494 1711 580 1792 Quid
602 1711 658 1776 tibi
682 1713 813 1795 cautuae
835 1712 937 1793 opus?
960 1716 1018 1776 tua
1038 1713 1067 1776 si
1081 1712 1163 1778 baua
1185 1717 1289 1780 aescis

237 1813 389 1892 Sauara,
417 1815 545 1897 frustra
575 1814 672 1878 clauis
703 1814 786 1878 iaest
818 1814 950 1896 foribus.
994 1813 1089 1894 Prop.
1111 1815 1154 1895 Π,
1185 1817 1215 1895 6,
1244 1818 1304 1899 26Ι

217 1917 356 1999 ‚templa
377 1915 562 1982 Pudicitiae
592 1916 671 1998 quial
699 1937 779 2000 opus
800 1918 951 1982 statuisse
966 1917 1105 1999 puellis,
1128 1916 1167 1983 Si
1189 1922 1288 1985 cuiuis

236 2025 359 2102 auptae
382 2020 509 2085 cuilibet
531 2040 595 2085 esse
617 2018 715 2083 libet?

320 2121 349 2186 A
371 2121 481 2203 lingua
497 2122 613 2186 Latina
634 2121 735 2203 igitur
757 2120 835 2187 haee
857 2121 983 2187 omissio
1005 2141 1066 2188 non
1087 2124 1151 2190 fuit
1165 2125 1286 2205 alieua3

237 2229 270 2288 et
303 2242 359 2288 cur
381 2223 494 2289 Plauto
523 2224 743 2302 abiudicatur,
775 2225 862 2304 apud
891 2242 983 2307 quem
1015 2231 1062 2290 tot
1083 2227 1288 2294 inveniuntur

238 2326 382 2408 exempla
412 2332 458 2392 est
484 2326 610 2408 omissi,
643 2332 679 2390 ut
702 2326 850 2392 dubitare
871 2345 931 2391 non
953 2327 1130 2408 possimus?
1173 2329 1289 2396 Pseud.

237 2451 265 2496 v.
288 2431 352 2496 349
384 2430 463 2512 quid
495 2451 574 2512 opus
604 2428 735 2514 eladio?
779 2427 845 2493 Mil.
868 2449 896 2494 v.
919 2429 982 2496 636
1012 2432 1091 2512 quid
1112 2453 1191 2515 opus
1210 2438 1288 2499 uota

236 2553 365 2598 uescere
387 2552 416 2596 v.
438 2532 501 2597 469
534 2532 631 2598 Meus
659 2531 858 2609 Palaestrio,
886 2533 1060 2598 machaera
1087 2535 1170 2600 uibil
1198 2555 1286 2617 opus.

242 2635 328 2716 Quid
348 2634 440 2700 iana?
484 2636 580 2700 Mera.
603 2654 632 2698 v.
656 2634 719 2699 396
748 2634 830 2698 uibil
859 2654 938 2716 opus
958 2636 1048 2701 uobis
1070 2637 1201 2716 αιιειιῑε,
1221 2638 1288 2702 uisi

240 2760 322 2821 quae
345 2742 434 2804 teaat
454 2737 545 2801 Truc.
568 2755 597 2801 r.
620 2736 683 2801 873
708 2735 794 2816 Quid
815 2757 850 2800 eo
873 2738 975 2818 opus?
996 2758 1018 2803 ::
1042 2738 1086 2804 Ia
1106 2760 1173 2804 rem
1186 2760 1288 2805 meam

239 2841 320 2905 Rud.
344 2858 372 2903 v.
397 2841 456 2903 111
483 2840 570 2921 Quid
591 2859 680 2921 opus,
703 2838 916 2904 adulesaeus?

325 2941 421 3006 Mera.
451 2963 479 3007 v.
508 2942 572 3006 423
602 2940 699 3007 Dicit
727 2962 760 3006 se
789 2942 967 3022 redhibere,
1006 2946 1035 3009 si
1065 2963 1131 3010 aaa
1156 2944 1291 3027 placem

241 3044 336 3111 Nibil
356 3046 435 3111 istoc
458 3064 538 3127 opas

327 3135 373 3213 sic
395 3148 437 3212 B:
462 3146 516 3212 61)
540 3152 650 3230 opust:
679 3147 756 3213 mihi
778 3147 970 3213 versimilius
993 3148 1120 3215 videtur
1140 3150 1290 3232 aliquem,

242 3253 297 3333 qui
329 3251 491 3316 desideret
521 3255 569 3315 εει
594 3251 757 3316 addidisse
789 3251 821 3316 in
851 3249 913 3315 fine
936 3268 1062 3332 versus,
1095 3270 1189 3335 quam
1212 3252 1290 3316 omi-

241 3356 330 3421 sisse.
374 3354 455 3418 Item

326 3457 422 3521 Most.
445 3474 473 3519 r.
495 3454 558 3520 285
591 3454 634 3520 B:
672 3454 756 3521 Oculo
786 3477 955 3523 cerussam.
985 3477 1007 3521 ::
1043 3457 1130 3538 Quid
1161 3477 1291 3523 cerussa

244 3580 322 3643 opus
343 3557 446 3623 uara?
469 3578 491 3622 ::
513 3558 627 3624 Malas
649 3561 706 3642 qui
728 3559 865 3625 obliuam

329 3661 382 3727 ab
404 3666 498 3744 opust
510 3683 587 3728 uara
609 3663 683 3744 qui:
704 3664 742 3728 R.
760 3683 889 3729 cerussa
905 3682 982 3727 uam
997 3666 1091 3745 opust
1111 3663 1168 3728 sed
1182 3661 1290 3728 videa-

243 3782 322 3844 mus,
345 3770 515 3846 antequam
538 3766 744 3830 decernamus

329 3866 396 3932 Mil.
420 3886 448 3932 v.
473 3866 556 3932 1154
577 3868 618 3932 B:
642 3867 721 3949 iaus
743 3867 832 3934 dolis.
872 3866 970 3934 Domi
985 3869 1050 3934 e'sse
1074 3870 1119 3935 aa
1140 3888 1291 3934 eumaem

244 3968 321 4036 (lum
344 3970 396 4036 hic
412 3987 521 4034 rursus
538 3969 592 4034 OD
609 3969 784 4050 praebeant
805 3975 898 4053 opust
920 3971 1011 4051 dolis,
1034 3971 1097 4036 iam
1114 3970 1290 4053 deprehen·

244 4073 349 4139 dimus
370 4073 459 4138 illum
491 4070 674 4155 falsarium,
703 4073 757 4153 qui
779 4073 860 4138 illud
883 4078 930 4138 est
949 4090 1008 4139 sua
1030 4092 1125 4140 manu
1147 4073 1291 4158 addidit;
