2768 4710
542 308 755 374 „31-

123 474 185 542 viri
206 477 309 556 docti,
339 496 421 559 quaa
443 483 493 544 est
515 498 553 544 ea
574 480 770 560 constantia,
802 498 865 562 qua
887 485 1012 545 mutent
1033 480 1089 546 illo
1111 481 1171 545 cir·

123 578 195 643 culo
217 579 296 645 haec
316 581 514 661 examplaiz·

208 680 306 746 Bach.
329 700 358 748 n.
373 683 415 747 93
440 683 531 748 Tuus
544 704 623 762 sum,
647 685 703 749 utu·
727 684 807 748 dedo
822 704 952 765 operam
972 704 995 748 :t
1017 685 1171 768 Lepidus,

120 803 210 848 uuae
239 804 294 866 eya
326 785 437 866 facere
465 790 494 849 te
523 785 580 850 loc
608 786 695 851 uolo:
733 787 770 851 R.
800 787 948 867 leptolu’s,
985 786 1041 867 qui
1073 787 1171 852 verba

122 885 293 950 secundum
329 885 354 952 0
386 887 524 952 codicem
555 888 684 967 scribit,
714 888 742 952 B
771 894 876 952 autem
912 888 1011 955 habet
1045 890 1171 972 lepidocs

121 1093 211 1139 uuuc
224 1008 265 1066 es,
288 1072 317 1136 D
340 1073 466 1155 tepidus
485 1010 518 1053 68
536 1095 635 1153 uuuc,
655 1074 710 1139 ubi
726 1096 758 1139 es
772 1075 918 1140 additum
933 1081 984 1141 est
999 1077 1039 1143 ab
1054 1077 1172 1159 aliquo,

123 1176 179 1255 qui
211 1177 342 1257 ignarus
371 1180 454 1239 esset
476 1174 571 1240 huius
599 1194 675 1240 usus
696 1176 824 1257 linguae
846 1177 997 1259 Latinae,
1025 1186 1059 1244 et
1081 1182 1171 1246 utin

123 1277 349 1343 Bcollocatur
371 1277 520 1359 verbum,
551 1278 742 1343 adversatur
769 1280 884 1345 versui.
928 1281 989 1347 Hic
1020 1300 1077 1347 nos
1111 1282 1172 1346 De-

123 1384 285 1444 curtatnm
307 1379 397 1460 sequi
420 1380 536 1445 debere
557 1385 692 1461 apparet
714 1381 812 1445 etiam
834 1400 872 1445 ex
893 1381 958 1446 his:

209 1481 304 1546 Pocn.
327 1498 356 1547 r.
378 1481 443 1546 904
467 1483 551 1548 uisu
572 1487 619 1547 est
639 1484 705 1547 uisi
726 1483 803 1547 ᾱκκ
831 1485 990 1549 calethac
1011 1488 1127 1569 ooituu
1150 1508 1173 1552 ::

122 1582 278 1664 Lepidus,
303 1603 374 1648 oum
394 1603 509 1647 moues.

209 1685 324 1751 Pseud.
345 1704 375 1749 n.
397 1685 460 1748 249
491 1686 598 1751 Nouis
626 1688 760 1768 superbe
789 1708 814 1752 :z
842 1689 951 1754 Nimis
978 1691 1126 1756 molestus
1148 1712 1171 1757 t:

123 1787 341 1869 Reprehensis.

208 1890 302 1971 Epid.
325 1910 353 1957 v.
376 1891 437 1959 551
477 1891 538 1957 Uet
568 1896 597 1956 te
618 1892 768 1956 uisitool?
791 1913 814 1957 z:
836 1892 954 1975 lutque
982 1897 1126 1963 iniurius
1148 1919 1172 1962 ::

128 1993 214 2074 oute
233 1993 323 2058 toric?

211 2095 278 2160 Mil.
301 2114 330 2160 n.
360 2096 423 2162 948
445 2096 565 2160 -sed
596 2115 637 2159 ue
668 2100 699 2160 et
732 2097 829 2162 istam
856 2099 1001 2163 omittam
1038 2106 1069 2165 et
1095 2101 1173 2166 haec

124 2202 225 2261 mutet
242 2198 346 2279 fidem.
379 2198 458 2263 Vide
473 2199 572 2277 modo.
595 2216 617 2264 :s
647 2196 716 2262 Vult
738 2198 910 2278 delicatus;
932 2221 1014 2282 quoe
1039 2207 1107 2268 tet
1160 2241 1173 2251 -

125 2320 223 2381 quom
249 2301 354 2365 oculos
376 2305 466 2365 umet.

212 2401 304 2466 Most.
328 2422 357 2467 v.
379 2403 442 2467 946
471 2401 587 2480 Puero,
607 2403 743 2466 uuuium
764 2403 929 2468 uocatus.
956 2471 959 2478 ,

211 2503 297 2568 Pers.
321 2523 350 2568 n.
372 2505 436 2570 220
457 2505 589 2569 Molo's.
612 2524 636 2568 t:
660 2502 826 2570 Soelcstus.
852 2525 873 2569 ::
895 2505 998 2570 Decet
1018 2528 1074 2572 rue.

211 2605 294 2671 Men.
316 2625 344 2671 v.
368 2605 427 2671 921
461 2607 548 2688 Quid
568 2627 623 2690 eoo
645 2605 738 2670 deut?
767 2627 790 2671 2:
812 2606 971 2685 Iusauus,
993 2610 1127 2689 uuquam
1149 2630 1171 2673 :z

125 2707 262 2791 Equus?
284 2727 306 2772 1:
332 2708 382 2773 Tu
403 2710 484 2774 istic.

213 2829 346 2890 sequens
368 2811 577 2892 interrogatio
598 2810 719 2894 eooue?
749 2808 885 2877 fortasse
907 2812 1048 2879 indicare
1070 2819 1177 2894 potest

126 2930 189 2977 non
211 2913 332 2977 dictum
355 2930 425 2977 esse
447 2917 542 2978 antea
563 2914 701 2978 tusouus
723 2934 764 2977 es.

212 3014 400 3080 Rectissime
430 3032 464 3080 se
486 3015 584 3080 habet
606 3016 697 3081 Trnc.
720 3036 749 3082 v.
774 3016 836 3079 746
864 3014 999 3081 Stultus.
1044 3015 1177 3081 Schoell.

128 3123 235 3182 autem
259 3118 385 3181 stultu’s
407 3117 521 3181 scribit
550 3125 733 3198 comparato
757 3136 850 3182 versu
874 3118 952 3184 730:
985 3116 1112 3184 Stultus
1133 3139 1176 3196 es,

129 3221 186 3300 qui
205 3219 298 3300 facto
312 3219 551 3300 iufectofocere
571 3220 674 3284 aubis
691 3220 844 3301 postules,
867 3221 921 3301 qui
943 3221 1072 3284 minime
1093 3238 1176 3285 com-

129 3322 239 3401 parari
254 3320 359 3399 debet,
382 3339 455 3384 nam
478 3321 530 3384 hic
552 3322 682 3403 quidem
704 3344 737 3386 es
760 3323 901 3388 traditur
923 3339 1024 3401 neque
1045 3327 1177 3402 propter

129 3440 255 3486 versum
279 3423 388 3488 deesse
409 3428 532 3504 potest3
562 3423 676 3487 deinde
699 3423 751 3487 hic
774 3443 834 3488 non
858 3424 1013 3491 habemus
1036 3424 1177 3489 breviter

130 3524 251 3589 dictum
282 3525 385 3590 simila
423 3525 654 3590 exclamationi.
708 3524 855 3590 Potuisse
890 3533 996 3591 autem
1028 3525 1177 3590 Plautum

129 3643 223 3691 versu
239 3625 333 3691 aliter
354 3626 490 3692 formato
505 3627 643 3692 scribere
657 3627 784 3704 stultus,
807 3629 863 3708 out
879 3628 1023 3709 postules
1043 3632 1179 3709 apparet

130 3727 265 3792 maxime
287 3746 326 3792 ex

215 3829 305 3893 Adel.
317 3849 346 3896 v.
358 3832 422 3897 852
444 3831 607 3896 Derides?
622 3829 835 3908 Fortunatus,
850 3832 978 3912 qutisto
989 3833 1096 3896 auimo
1107 3832 1176 3896 sies.

217 3931 269 3996 Sic
299 3934 382 3997 enim
404 3933 434 3994 Α
456 3933 555 3998 habet
584 3951 654 3996 cnm
687 3932 771 4012 rell,
804 3938 837 3996 et
859 3933 892 3996 id
915 3934 1054 3998 retinent
1075 3934 1178 3999 Bentl.

131 4038 163 4098 et
179 4033 362 4114 Umpfenb.;
384 4033 539 4098 Fleckeis.
562 4040 668 4098 antem
683 4027 795 4098 scribit
816 4037 896 4115 -u's;
919 4035 1064 4116 Spengel.
1087 4037 1179 4102 dubi·
1247 4131 1250 4135 ἢ
1346 4125 1350 4132 Ι
