2790 4988
647 300 881 364 -102-

238 467 345 532 seiam.
391 467 523 533 Ritschl.
546 469 677 550 scripsit
698 470 826 549 quidem
849 473 1019 547 taedebat,
1042 469 1098 533 sed
1120 469 1148 532 si
1171 467 1286 531 iterum

239 569 391 635 edidisset
424 568 632 636 Mercatorem
668 572 736 654 ipse
766 572 843 637 nibil
874 574 1037 635 mutasset.
1083 571 1187 651 Atque
1209 569 1288 649 legi-

240 689 309 734 mus
339 671 435 736 etiam
466 673 548 736 Men.
578 692 606 737 v.
639 673 719 738 295:
751 673 815 739 Est
843 673 899 738 tibi
927 673 1137 737 Menaechmo
1166 691 1289 748 amaea,

241 777 367 837 tantam
397 774 482 854 qnod
502 774 620 852 sciam,
654 793 715 855 quo
745 775 815 841 loco
846 774 973 858 quidem
1007 774 1062 838 illa
1099 773 1197 837 verba
1229 790 1288 835 non

240 876 350 940 eadem
383 876 509 940 notione
531 876 637 956 posita
659 883 740 942 sunt.

327 977 417 1041 Nunc
438 977 535 1042 etiam
559 983 677 1042 ceteras
692 985 822 1059 praeter¹
835 979 1006 1044 secundam
1022 976 1193 1057 singularis
1215 994 1288 1055 per-

240 1098 333 1144 sonas
363 1080 483 1145 absolvi
505 1085 539 1144 et
561 1078 682 1149 confido
713 1080 797 1145 viros
820 1081 928 1145 doctos
951 1099 988 1144 ea
1011 1079 1078 1158 via,
1108 1096 1202 1159 quam
1226 1078 1288 1140 iam

240 1182 310 1262 ipse
333 1180 405 1244 iniit
427 1181 630 1258 Ritsclrelius
652 1200 874 1263 progressuros
896 1200 979 1262 esse,
1002 1186 1038 1246 ut
1061 1180 1236 1245 concedant
1258 1179 1288 1242 in

240 1282 416 1347 ‹ornittendc
438 1283 535 1347 verbo
557 1283 758 1348 substantivo
780 1283 914 1349 mammo
947 1289 1052 1348 antem
1088 1280 1204 1346 tertiae
1218 1281 1290 1369 sin-

241 1385 363 1466 gularis
385 1384 485 1448 multo
508 1385 657 1448 maiorem
680 1385 770 1450 libris
792 1404 865 1450 mss.
893 1385 1070 1450 habendam
1093 1401 1163 1447 esse
1185 1382 1290 1446 fidem.

241 1486 341 1562 Quam
373 1487 456 1550 viam
486 1505 579 1549 unam
603 1493 721 1551 rectam
745 1506 814 1553 esse
845 1494 878 1552 et
899 1506 956 1552 nos
979 1488 1094 1551 ducere
1116 1485 1157 1548 ad
1181 1502 1290 1547 verum

241 1589 489 1668 cognoscendum
506 1588 682 1654 ostendisse
697 1589 775 1653 mihi
790 1589 909 1667 videor,
931 1588 958 1652 si
974 1588 1101 1668 quidem
1125 1585 1202 1650 mihi
1219 1604 1291 1651 con-

242 1691 325 1770 tigit,
343 1697 378 1753 ut
395 1691 645 1755 demonstrarem
668 1709 762 1770 quam
782 1696 910 1771 aptast
931 1690 1052 1754 usitata
1066 1688 1195 1754 omissio
1219 1706 1289 1752 cum

243 1792 379 1856 sermoni
410 1791 560 1855 familiari
592 1796 658 1855 tum
682 1793 796 1857 Plauto
817 1792 924 1857 fuerit.
968 1793 1016 1856 De
1038 1809 1101 1871 qua
1123 1790 1291 1854 omissione

242 1894 377 1958 maxime
398 1894 470 1958 ideo
485 1894 570 1958 viros
592 1894 643 1958 dd.
662 1914 681 1959 a
703 1895 874 1959 sententiis
895 1895 1027 1975 vulgata
1043 1894 1189 1958 recedere
1211 1910 1291 1971 opus

242 1996 319 2074 erit,
342 1996 425 2077 quod
449 1995 601 2076 apparuit
621 1997 717 2061 etiam
740 1996 909 2061 secundom
933 1996 1102 2076 singularis
1124 2012 1290 2074 personam

242 2116 396 2178 persaepe
418 2098 566 2162 omissam
589 2117 658 2162 esse
681 2098 721 2162 ab
743 2098 821 2179 ipsis
843 2097 1065 2179 scriptoribus,
1092 2096 1290 2177 potissimum

241 2199 272 2262 in
296 2200 383 2280 poesi
406 2199 543 2276 scenica,
564 2199 595 2264 id
627 2201 710 2279 quod
743 2199 922 2264 fabularum
946 2205 1078 2264 naturae
1110 2200 1291 2281 respondet.

243 2301 325 2365 Sane
354 2300 539 2367 facillimum
570 2306 619 2366 est
649 2307 662 2366 t
694 2301 834 2367 litteram
863 2301 1043 2367 adscribere
1080 2302 1129 2366 vel
1159 2306 1204 2379 st,
1235 2303 1289 2366 sed

243 2404 360 2468 rectius
381 2410 431 2469 est
453 2403 606 2468 traditam
628 2403 810 2481 lectionem,
838 2422 952 2469 verane
982 2403 1024 2467 sit
1047 2404 1227 2468 examinare
1250 2411 1292 2482 et,

243 2505 269 2569 si
293 2524 369 2571 vera
391 2513 450 2584 est,
473 2506 618 2570 retinere.
