2790 4988
688 279 901 346 ,50-

167 514 173 525 ,
272 449 395 516 discere
424 468 612 533 possumuS,
644 469 739 533 quam
770 468 939 533 perperam
969 469 1027 515 nes
1056 451 1097 515 de
1125 447 1222 514 verbo
1244 468 1321 531 sup-

271 552 388 635 plendo
416 552 595 636 loquamur.
638 552 852 617 Romanorum
881 571 970 617 mens
990 551 1102 634 lingua
1123 551 1240 616 Latina
1261 552 1322 618 im-

157 724 160 747 ,
271 654 350 720 buta
371 660 403 720 et
425 655 551 736 ingenio
573 654 690 720 Latino
722 655 789 720 alta
815 654 895 720 nihil
926 654 1114 736 supplebat,
1147 656 1223 737 quia
1242 655 1324 721 nihil

274 756 489 825 desiderabat.
533 757 644 840 Neque
665 756 816 823 debemus
831 757 952 840 regulis
973 757 1102 839 linguae
1116 756 1326 824 Germanicae

272 858 471 926 conformare
506 859 588 926 velle
625 861 767 942 linguam
797 861 954 926 Latinam.
1007 858 1054 925 ef.
1092 861 1189 925 etiam
1225 860 1323 926 Stich.

273 981 300 1026 v.
325 961 388 1026 749
413 961 513 1028 Totae
535 963 623 1029 doleo
646 983 669 1028 ::
696 964 819 1029 Totas?
849 967 938 1030 tauto
966 963 1112 1028 miserior
1133 964 1223 1028 Ovid.
1246 965 1323 1030 Met.

270 1063 357 1145 XIV,
379 1065 441 1131 657
471 1064 636 1148 Poenaque
656 1067 775 1131 mirata
805 1071 871 1132 est:
902 1066 1070 1148 Tantaque
1085 1068 1250 1148 potentior
1270 1067 1324 1132 in·

270 1167 343 1251 quit
364 1166 543 1251 Paucaque
565 1168 719 1235 laudatae
740 1169 829 1234 dedit
854 1169 972 1248 oscula,

354 1270 446 1336 Nunc
468 1272 642 1354 adiungere
663 1271 829 1338 debemus:

354 1374 440 1439 Trin.
479 1394 507 1443 v.
538 1376 602 1440 912
642 1373 717 1441 Iam
753 1377 1016 1440 relevamentum
1051 1373 1191 1440 nemea?
1228 1373 1321 1439 libri:

274 1482 353 1568 stus
375 1468 421 1542 es'

356 1578 412 1644 ubi
433 1579 470 1644 R.
493 1581 614 1658 -tabt’s,
637 1580 694 1644 sed
708 1579 846 1645 Bethius
868 1600 923 1644 -us
937 1599 1060 1658 nemea
1082 1580 1169 1660 qued
1182 1579 1321 1645 retinen-

271 1683 347 1746 dum
362 1688 412 1747 est
426 1686 459 1747 et
474 1681 656 1748 defenditur
672 1682 723 1746 hia
740 1681 835 1747 loeis:
859 1683 952 1747 Most.
968 1702 997 1747 v.
1014 1682 1076 1748 668
1099 1683 1178 1764 quid
1197 1683 1323 1767 tpitwr?

269 1785 336 1849 tuan
359 1784 572 1850 emanatus?
602 1785 697 1851 Poen.
721 1804 748 1850 v.
774 1785 835 1850 139
864 1789 902 1850 ut
933 1785 993 1850 cito
1022 1784 1100 1850 bueo
1130 1790 1323 1850 commetes

275 1886 329 1968 (cf.
352 1907 382 1970 p.
406 1889 459 1967 21)

358 1991 479 2056 Deinde
494 1990 581 2055 Trin.
605 2010 632 2055 v.
657 1991 698 2056 96
720 1990 750 2055 si
770 1990 808 2054 id
828 2009 894 2055 aaa
907 2010 956 2055 me
970 2009 1115 2069 accusas,
1137 1993 1202 2056 tute
1217 1989 1324 2056 obiur-

270 2094 398 2177 paadas
420 2114 444 2158 ::
467 2092 540 2158 Scin

356 2195 449 2261 libri:
481 2197 511 2260 sl
540 2195 576 2260 ld
602 2215 650 2260 me
678 2215 744 2259 aaa
777 2215 929 2274 accusas,
960 2199 1027 2260 tate
1056 2196 1124 2278 ipse
1153 2195 1326 2280 obiterque-

270 2298 331 2364 ‹laa
354 2319 386 2364 es

356 2400 452 2465 Hunc
482 2399 583 2480 igitur
604 2418 732 2465 versum
760 2402 859 2467 etiam
881 2401 944 2466 alio
966 2401 1185 2466 additamento
1208 2402 1326 2483 depra-

271 2509 429 2568 vaverunt
449 2502 589 2582 librarii3
621 2503 700 2584 quid
722 2509 828 2568 autem
850 2502 976 2569 facilius
999 2504 1118 2568 addere
1137 2508 1327 2586 potuerunt,

272 2625 368 2688 quam
399 2626 433 2671 es
463 2606 549 2686 quod
576 2604 681 2686 ignari
712 2606 808 2671 huius
830 2625 908 2671 usus
929 2606 1173 2672 desiderarent?
1215 2607 1327 2689 Atque

271 2707 368 2773 huius
401 2707 582 2772 omissionis
613 2707 790 2789 exemplum
820 2712 946 2774 exstare
967 2709 1096 2773 minime
1117 2708 1329 2789 admiramur,

220 2834 227 2849 ·
272 2811 349 2892 quin
380 2810 476 2874 etiam
499 2814 730 2892 exspectamuS,
763 2811 792 2875 si
813 2811 958 2876 novimus
981 2810 1063 2876 tales
1085 2810 1173 2875 locos
1196 2808 1327 2875 Cicero·

271 2914 400 2977 nianos:
424 2913 466 2976 ad
488 2913 557 2976 Att.
573 2912 645 2992 VII,
667 2913 698 2994 3,
722 2914 762 2978 12
783 2913 918 2996 reliqua,
951 2935 1033 2996 qaae
1055 2913 1148 2991 nost-t,
1168 2912 1328 2995 seraptim

271 3051 313 3062 -
335 3015 397 3080 VH
418 3015 492 3094 ab
525 3016 630 3080 witus
659 3015 696 3080 ia
723 3015 859 3106 alteram
883 3021 1014 3098 partem
1040 3017 1143 3099 mapis
1171 3014 1328 3095 timendi,·

272 3155 313 3163 —
335 3119 375 3198 X,
400 3117 451 3198 12,
474 3118 494 3180 2
516 3115 632 3184 Sicilia
648 3119 809 3201 peteuda·
824 3110 864 3162 -’
880 3118 954 3199 XII,
977 3119 1030 3198 43,
1053 3119 1070 3182 1
1095 3118 1151 3183 sed
1169 3116 1329 3200 ferendus

272 3221 329 3287 tibi
350 3222 387 3285 la
408 3221 466 3285 boe
487 3240 575 3285 meus
599 3240 696 3285 error.
728 3221 907 3301 ferendus?
937 3222 1030 3286 namo
1052 3241 1126 3286 uero
1148 3221 1244 3285 etiam
1267 3220 1330 3285 ad-

270 3324 454 3400 iuvandas;
484 3358 525 3366 -
556 3321 645 3404 XHI,
678 3323 727 3403 13,
760 3324 799 3386 12
829 3328 889 3388 aut
919 3324 1109 3388 cessandum
1137 3324 1238 3407 ipltur
1267 3328 1331 3388 aut

271 3427 398 3509 aliquid
426 3425 677 3509 eaeopttaadma.
722 3430 818 3508 atque
845 3425 905 3491 hos
937 3444 1049 3491 versus
1078 3424 1203 3490 Plauti:
1233 3424 1327 3489 Asin.

270 3547 297 3592 v.
322 3528 384 3594 778
416 3527 643 3609 spectandum,
671 3549 712 3594 aa
745 3529 821 3611 quoi
845 3528 986 3594 >ababa
1018 3528 1070 3592 det
1100 3527 1198 3593 Stich.
1230 3545 1260 3591 v.
1282 3526 1329 3592 54

271 3630 472 3696 Faciendum
490 3631 527 3695 td
546 3630 645 3709 nobs,
668 3633 753 3713 quod
768 3635 925 3713 parentes
945 3631 1115 3712 imperant.
1153 3630 1204 3696 Sic
1227 3629 1327 3695 etiam

271 3737 337 3798 tute
359 3733 576 3817 ottarpaadas
598 3734 775 3799 rectissime
797 3733 950 3800 sehabet
971 3733 1158 3814 pronomine
1179 3749 1328 3813 praeser-

269 3835 327 3900 tim
348 3836 526 3917 praemissu
549 3837 627 3919 (nisi
648 3836 800 3901 malueris
823 3840 858 3900 ta
880 3836 1099 3919 obtwrpandas
1120 3834 1177 3917 es.)

355 3940 462 4021 Atque
483 3938 678 4004 Ritsehelius
700 3936 823 4018 Proleg.
846 3958 877 4019 p.
895 3939 956 4003 109
978 3957 1016 4002 ea
1038 3937 1183 4019 exempla
1204 3935 1325 4020 quibus

270 4060 302 4107 es
324 4042 466 4108 traditur
489 4047 522 4106 et
543 4061 591 4123 aa,
614 4041 670 4106 ubi
691 4061 724 4105 es
745 4059 809 4105 non
824 4040 981 4105 traditum
996 4045 1046 4106 est
1068 4040 1151 4105 inter
1172 4058 1208 4107 se
1222 4040 1327 4107 mixta
