2768 4710
581 301 792 368 „54-

165 475 199 536 to
220 492 253 536 os
274 471 351 536 mibi
371 470 424 536 BG
447 473 546 536 Andr.
568 492 597 538 v.
620 473 683 539 749
715 476 822 537 autern
853 473 886 536 in
909 470 963 536 OD
985 466 1073 534 sotio
1100 489 1211 549 sorios,

163 573 220 655 qui
250 593 299 637 mo
319 573 356 637 iol
375 575 491 658 ropites
511 574 602 640 nobis
630 576 782 642 traditam
805 592 876 640 esse
906 592 1014 639 veram
1043 572 1211 639 lectionem

51 741 55 750 ,
166 679 301 757 apparet
323 694 361 740 ex

251 776 330 842 Eun.
353 797 382 842 ι.
404 778 477 859 559,
499 778 555 843 ubi
576 781 605 845 A
627 780 741 845 tradit:
763 781 867 846 sotim
888 799 997 858 sonos,
1020 779 1117 844 ceteri
1137 776 1213 859 libri

166 878 248 945 falso
270 881 393 945 addunt
415 901 457 962 es,
480 882 520 948 de
541 901 604 964 quo
626 902 725 964 supra
746 883 791 965 (p.
814 883 846 961 7)
870 881 1087 947 disseruimus.
1129 880 1213 966 Item

167 999 238 1047 curn
261 983 289 1046 A
308 981 414 1065 legere
436 982 585 1048 debemus

252 1083 384 1150 Eunu.
408 1086 1097 1171 651inataaqoootpooccomoaos?

253 1186 369 1252 Restat
389 1187 516 1254 Phorm.
538 1208 566 1253 v.
591 1190 662 1269 179,
684 1189 740 1255 ubi
761 1209 870 1255 omnes
891 1189 964 1255 libri
986 1190 1104 1257 habent
1127 1190 1214 1281 ool·

167 1286 216 1354 ios
239 1309 299 1354 es:
312 1287 512 1357 Priscianus
533 1310 660 1373 quoque
685 1290 753 1372 bis;
785 1297 818 1357 et
839 1291 1006 1375 Umpienb.
1034 1294 1082 1358 sic
1108 1253 1214 1358 tbturn

171 1410 298 1456 versum
320 1390 485 1458 formarit:
1261 1390 1267 1399 ’

252 1493 413 1561 Notius
396 1517 428 1560 os
446 1494 529 1561 Gaio
549 1496 586 1561 ui
607 1496 674 1561 iom
695 1494 827 1579 oiiiqooci
849 1438 905 1563 tobi
927 1496 1094 1562 coasiliooa
1116 1497 1216 1562 ciiero

169 1597 292 1679 rc'peris

253 1699 339 1782 quod
359 1698 486 1765 facilius
507 1701 687 1783 comprobo,
719 1720 815 1784 quarn
835 1706 873 1766 ut
894 1720 966 1767 cum
987 1702 1054 1766 Bon
1056 1701 1090 1767 tl.
1056 1706 1146 1768 tet
1167 1703 1215 1766 Fl.

169 1801 321 1866 scribam:
361 1802 480 1867 oalio’s
513 1801 667 1868 Geta-
695 1805 854 1886 reperies;
891 1805 940 1869 o's
969 1808 1077 1870 autem
1113 1803 1217 1870 forma

170 1904 281 1986 procul
307 1905 544 1970 abiciendat
494 1909 553 1970 est

255 2007 396 2072 Tandem
416 2007 560 2073 venimus
582 2008 666 2073 ad’
645 2028 683 2072 os
707 2007 872 2089 syllabam,
903 2027 998 2092 quam
1020 2028 1058 2074 ex
1081 2009 1108 2073 is
1129 2014 1163 2074 ιι
1186 2029 1218 2073 es

170 2108 266 2174 etiam
288 2110 375 2191 apud
396 2110 521 2175 Terent
498 2114 579 2176 trum
600 2111 678 2176 oriri
698 2112 787 2193 passi
808 2117 884 2176 sunt
905 2111 966 2176 viri
981 2112 1076 2177 docti.
1120 2113 1218 2193 Apud

170 2211 267 2277 Plaut
252 2216 321 2278 turn
336 2232 430 2296 quam
448 2211 529 2277 falso
548 2213 701 2295 quisquis
715 2214 870 2295 scriptum
882 2220 967 2280 esset
953 2215 1134 2280 tvidimus.
1157 2215 1218 2278 At·

170 2334 232 2398 que
252 2316 390 2397 primurn
417 2315 545 2398 quidem
565 2314 719 2381 Fleckeis.
741 2315 885 2381 bominis
908 2316 1049 2396 induxit,
1072 2318 1118 2382 sic
1140 2315 1219 2381 scri-

171 2417 248 2484 bens
269 2418 366 2482 Haut.
389 2438 418 2483 ι.
442 2418 504 2483 848

258 2521 381 2602 Quaeso
413 2521 491 2603 qaid
520 2524 555 2584 tu
582 2519 746 2584 bominis:
779 2519 865 2601 Quid
896 2519 1064 2606 [aoszt?
1104 2519 1220 2586 Iomoe

173 2623 287 2688 oblitos
320 2644 371 2702 os;
403 2620 599 2688 BODEFGP
622 2628 729 2688 autern
751 2622 869 2688 babent
890 2643 1018 2690 versum
1039 2625 1219 2706 integrum:

260 2724 385 2808 Qooe'so'
411 2725 491 2808 qaid
511 2728 547 2789 ta
568 2723 703 2789 hminis
733 2725 786 2789 e's:
819 2725 930 2806 Quid?
959 2725 1074 2792 Iomoe
1107 2726 1221 2792 obiitus

174 2829 231 2895 os?
253 2828 340 2894 solus
361 2829 408 2892 A:
438 2827 517 2910 quid
538 2831 602 2892 est:
632 2826 693 2892 hoc
715 2831 761 2891 ost
781 2832 896 2894 autem-
910 2848 1006 2910 quam
1028 2829 1121 2896 facile
1142 2830 1221 2896 addi

172 2932 323 3014 potuerit,
346 2932 417 3015 quis
434 2931 555 3012 negat?

256 3034 380 3101 Deinde
398 3034 499 3098 Andr.
521 3052 549 3098 v.
572 3033 635 3098 702
656 3031 790 3114 legimus
812 3032 844 3097 in
867 3031 1051 3098 BGDEGP:

261 3138 341 3219 Quis
372 3135 504 3202 adeor?
537 3136 643 3201 Miser
672 3155 772 3218 oeque
809 3140 905 3218 atquo
936 3155 1008 3219 epa·
1044 3135 1222 3204 Consilium

174 3262 309 3326 quaero:
332 3239 443 3305 Fortis

257 3346 287 3410 A
308 3345 385 3426 quid
405 3341 554 3406 habuerit
580 3341 746 3406 nescimus.
791 3339 970 3406 Secundum
991 3341 1093 3408 Bentl
1116 3343 1164 3408 Fl.
1188 3349 1222 3410 et

174 3449 258 3529 Ump
259 3445 358 3512 f.:enb
378 3445 466 3528 fort
445 3465 491 3509 os.
513 3442 706 3509 Falsolt
649 3447 706 3508 aut
727 3443 809 3507 enim
829 3443 925 3525 fortis
939 3445 1110 3527 respondet
1131 3450 1222 3512 ante·

174 3549 299 3616 sedenti
319 3548 415 3612 misor
435 3546 531 3612 verbo
553 3546 600 3611 ita
621 3549 668 3626 ut,
690 3549 930 3628 postquamt
884 3546 966 3612 alter
987 3548 1069 3613 dixit
1090 3567 1125 3613 se
1147 3567 1221 3614 con·

174 3652 281 3718 silium
302 3669 465 3734 quaerere,
487 3649 569 3714 aiter
591 3649 730 3731 corrigat
745 3649 866 3714 dictum
887 3669 980 3715 suum
994 3651 1222 3732 pronuntians:

172 3756 268 3837 fortis
288 3754 416 3832 uideris,
438 3757 495 3818 aut
517 3753 544 3817 si
566 3752 644 3818 haee
659 3751 829 3833 explicatio
843 3753 947 3818 minus
970 3758 1020 3817 est
1034 3753 1221 3837 probabilis,

174 3862 281 3921 tamen
309 3856 403 3938 foras
435 3857 551 3920 omisso
574 3853 669 3920 verbo
697 3855 794 3918 etiam
821 3856 907 3935 apud
929 3855 1113 3922 Terentium
1134 3863 1223 3924 recte

175 3958 321 4024 sehabet
342 3958 424 4024 sicut
439 3965 489 4024 tot
511 3956 654 4039 exempla
668 3956 819 4021 Plautina
839 3958 951 4022 talium
965 3956 1105 4023 breviter
1120 3961 1222 4025 dicto·

176 4080 254 4126 rum.
297 4062 434 4128 Maxime
455 4065 563 4127 autern
585 4058 794 4126 conterendus
817 4065 866 4124 est
887 4079 1000 4128 versus
