2790 4988
531 293 742 359 ..35-

117 479 189 526 uam
223 465 359 527 metrum
393 463 512 527 corruit
543 453 616 552 ‘cst’
646 462 741 528 verbo
771 462 891 544 addito,
923 463 970 528 itu
992 467 1028 528 ut
1050 465 1087 529 R.
1110 465 1165 546 qui

115 562 194 629 illud
217 569 264 629 est
284 564 430 644 retineat,
453 570 586 647 cogatur
609 565 763 630 scribere:
787 564 867 647 opos
889 565 970 631 dolis
992 573 1046 632 est.
1068 566 1166 633 Domi

115 687 181 732 esse
202 667 248 733 od
276 687 346 732 eum
373 688 457 746 rem,
487 668 570 748 quod
594 685 696 748 neque
727 667 840 732 melius
862 672 912 733 est
933 686 1034 751 neque
1057 689 1163 736 ueces-

116 769 243 834 sarium.
287 768 388 834 Vetus
410 770 508 835 codex
532 769 667 835 tradidit
688 769 778 834 uobis
800 788 908 835 veram
929 769 1106 839 lectionem.

202 871 291 954 Oapt.
323 889 351 936 v,
378 869 442 935 589
473 870 602 938 Ardent
632 873 734 941 ocull:
761 871 842 954 force
875 893 955 954 opus
985 874 1089 959 Heplo
1117 875 1165 940 Fl.

116 973 243 1039 scribit:
273 974 415 1058 Hoplost,
438 992 502 1055 qua
525 972 729 1040 collocatione
751 993 811 1039 non
835 975 1074 1042 commendatur
1096 997 1165 1044 cor·

116 1076 231 1156 rectio;
254 1094 326 1141 uam
350 1079 453 1143 minus
476 1077 590 1142 durum
613 1080 663 1142 est
685 1077 754 1142 Per.
772 1096 800 1141 v.
816 1077 881 1144 584
903 1076 941 1145 Si
962 1079 1019 1144 ubl
1039 1081 1165 1146 oceum-

115 1184 179 1244 sest
201 1200 280 1262 opos
308 1182 341 1245 et
363 1179 449 1244 Trin.
472 1179 534 1245 887
566 1200 645 1262 opus
673 1179 792 1262 factost
822 1181 959 1260 uictam
992 1180 1164 1247 secuudum

117 1300 199 1364 quae
221 1289 329 1347 nostro
350 1282 419 1347 loco
442 1288 541 1347 esset:
562 1283 676 1366 fenest
697 1303 784 1364 opos.

202 1384 316 1465 Amph.
340 1402 368 1448 r.
397 1385 480 1450 1038
512 1383 599 1467 Quid
627 1404 707 1466 opas
734 1405 782 1450 me
812 1383 978 1465 ddooccto,
1013 1387 1069 1469 qui
1099 1388 1166 1453 otri

116 1488 176 1552 sc'm
198 1488 382 1566 advocatas,
404 1488 510 1553 nascio

202 1589 298 1654 lolem
322 1589 348 1653 B
371 1589 470 1656 habet
499 1607 623 1654 versum
648 1608 758 1654 sanum
790 1594 885 1672 atque
907 1591 1084 1673 integrum3
1106 1591 1165 1656 DE

119 1697 226 1783 topust
245 1683 330 1759 med'
354 1697 387 1757 et
409 1695 446 1758 R.
469 1711 507 1757 ne
530 1691 609 1757 illud
631 1692 704 1757 med
724 1690 863 1773 periret,
894 1690 1044 1758 formavit
1066 1692 1165 1758 auda-

118 1797 185 1861 cius
206 1813 332 1861 versum
355 1795 415 1861 sio:
447 1795 533 1878 Quid
560 1814 640 1876 opos
672 1795 718 1859 e‘st
737 1795 810 1858 med
830 1795 1000 1874 odooccto,
1034 1797 1090 1878 qul
1117 1817 1166 1862 me

117 1899 280 1976 atriola,
310 1898 441 1963 nescio?
470 1897 596 1980 qualem
630 1902 815 1977 receperunt
848 1897 880 1961 in
912 1901 1032 1962 textum
1056 1897 1166 1966 Goetz.

118 2007 150 2065 et
172 2000 292 2080 Loew.;
324 1992 395 2091 ‘est'
427 2004 544 2080 autem,
576 1999 660 2081 quod
682 1999 719 2063 R.
742 1999 838 2074 acuit,
861 2017 992 2081 prorsus
1014 2019 1165 2083 superva-

117 2121 249 2168 caneum
281 2109 340 2167 est.
384 2101 542 2167 Debemus
572 2100 708 2165 retinere
737 2100 866 2167 Veteris
897 2101 1063 2168 lectionem
1093 2121 1164 2168 cum

117 2207 245 2272 Becker.
270 2210 303 2271 et
323 2203 491 2287 Umpfenb.

202 2309 316 2374 Pseud.
346 2327 374 2374 r.
409 2305 491 2373 1255
521 2307 592 2373 Bo:
628 2307 707 2388 quid
737 2307 817 2387 opole
846 2327 895 2373 me
925 2307 1044 2373 maltos
1073 2329 1166 2392 opere

117 2414 283 2497 oraboprr:
312 2413 339 2476 A
363 2432 442 2494 opos
464 2416 525 2490 cst,
554 2411 640 2476 code
662 2410 697 2476 R.
721 2414 816 2491 apost
841 2410 917 2474 item
942 2409 1027 2474 Pers.
1050 2429 1080 2476 v.
1103 2409 1166 2475 532

117 2517 197 2598 qaid
218 2536 252 2581 eo
273 2515 352 2581 mibi
374 2535 453 2597 opus
467 2514 669 2578 matrimonio
689 2513 716 2575 A
734 2510 832 2576 habet
856 2531 949 2602 topas
971 2504 1029 2577 est'
1054 2512 1166 2578 ceteri:

119 2639 207 2702 opos,
228 2638 257 2685 v.
280 2617 344 2684 530
374 2625 479 2683 autem
503 2616 556 2682 ΒΟ
586 2633 709 2698 quoque
733 2634 813 2696 opos
843 2619 891 2679 cst
919 2614 964 2678 sic
987 2614 1091 2697 plenis
1113 2615 1166 2680 lit-

117 2720 195 2785 teris
216 2719 378 2802 scriptum.
409 2719 494 2798 Quid
517 2719 635 2802 igitur,
667 2717 693 2783 si
716 2717 850 2782 Plautus
873 2735 948 2784 nero
970 2717 1076 2799 priore
1098 2716 1166 2782 loco

119 2842 199 2904 opos
220 2825 267 2886 cst
287 2821 425 2902 scripsit,
448 2820 548 2887 altero
573 2842 662 2903 opos,
684 2820 761 2885 etA
784 2818 912 2886 consilio
929 2818 1066 2884 mutavit
1086 2818 1166 2885 alte·

118 2943 188 2989 rum
211 2922 337 2988 locum?
379 2922 461 2987 Nam
491 2922 597 2988 dicere
625 2923 692 2988 siue
722 2922 789 2987 ulla
811 2921 1010 2987 dubitatione
1032 2921 1166 2986 Ambro-

118 3026 199 3092 siani
222 3024 445 3091 auctoritatem
470 3025 721 3107 amplectendam
754 3042 823 3089 esse
846 3024 906 3089 viri
929 3024 1016 3089 docti
1038 3023 1166 3089 dubita·

119 3129 216 3210 bunt,
248 3129 275 3193 si
306 3127 445 3193 viderint
474 3127 567 3192 Poen.
590 3146 619 3192 v.
640 3126 704 3191 428
735 3131 846 3192 contra
880 3133 1002 3191 ceteros
1031 3125 1166 3192 Ambro-
1244 3181 1247 3186 .

118 3233 241 3298 sianum
264 3231 407 3296 tradere:

206 3333 284 3418 qaid
307 3354 386 3416 opos
407 3332 531 3398 uerbis?
553 3332 593 3398 de
615 3351 679 3416 qua
701 3331 836 3397 formula
851 3331 946 3412 paulo
968 3329 1069 3395 fusius
1091 3349 1166 3413 age-

120 3459 200 3506 mus.
244 3437 398 3503 Traditur
419 3437 516 3501 Merc.
538 3456 567 3501 v.
592 3436 653 3504 106
683 3436 762 3518 qaid
783 3455 862 3516 opos
883 3433 985 3499 uerbis
1005 3434 1050 3498 mi
1071 3439 1167 3517 cique

120 3542 235 3609 odoeaa'
263 3541 332 3606 beri
357 3539 394 3605 R.
426 3545 458 3604 et
485 3538 610 3618 Ussing.
641 3538 800 3603 scribunt:
834 3537 929 3628 tqaid
956 3536 1057 3602 uerbis
1088 3558 1167 3620 opos

120 3651 175 3725 est,
198 3635 280 3722 cml,
312 3660 408 3723 quam
438 3641 629 3723 scripturam
653 3640 705 3704 vix
735 3658 805 3705 esse
826 3639 1008 3705 Plautinum
1039 3644 1166 3704 conteu-

120 3748 231 3829 derim,
253 3763 326 3810 nam
349 3745 482 3809 Plautus
504 3745 616 3809 scribit
638 3750 712 3809 aut:
736 3744 815 3826 qaid
835 3746 930 3824 opust
949 3741 1051 3808 uerbis
1073 3741 1166 3808 Most.

55 3859 58 3866 '
120 3853 201 3932 9933
229 3850 300 3915 Aul.
322 3848 402 3926 4683
433 3847 510 3927 472;
545 3847 636 3929 Capt.
659 3847 739 3926 9373
768 3846 857 3912 Curc.
881 3844 938 3924 793
970 3845 1064 3909 Poen.
1086 3843 1166 3925 5703

120 3954 201 4018 Rud.
224 3953 303 4032 5893
326 3957 382 4017 aut
404 3951 484 4032 qaid
504 3951 605 4016 uerbis
629 3954 723 4032 opust
743 3948 839 4014 Bach.
855 3948 933 4027 4863
957 3945 1072 4028 Amph.
1089 3946 1167 4026 7763

122 4055 216 4122 Poen.
243 4055 319 4135 113;
342 4055 427 4119 Trin.
450 4051 528 4134 5533
550 4052 633 4119 Rud.
656 4053 716 4132 853
739 4056 776 4117 ut
797 4050 893 4117 Bach.
917 4068 945 4115 v.
969 4048 1052 4114 1164
1073 4048 1167 4118 Both.
