2768 4710
586 314 799 380 ..21-

253 484 299 549 sic
327 484 429 550 tradit
450 485 479 549 Α
501 502 573 551 cum
595 480 674 563 rell.‚'
707 502 807 564 neque
836 482 940 548 Bentl.
970 483 1127 562 mutavit,
1158 485 1216 548 sed

167 586 332 665 Fleckeis,
353 585 539 668 Umpfenb.:
557 587 696 668 posso’s.
732 586 776 651 Et
797 604 893 668 quam
914 585 1008 651 facile
1030 585 1062 651 in
1085 585 1144 650 tali
1166 585 1214 650 in·

167 687 383 767 terrogatione
407 690 575 755 omittatur
590 687 730 767 verbnm,
753 688 941 753 documento
963 688 1007 752 sit
1029 687 1126 751 etiam
1150 687 1214 753 (iic.

167 790 210 853 ad
233 790 300 854 stt.
323 790 361 869 X,
383 792 456 870 4,9
490 792 581 882 (qnid
606 792 670 868 isti,
692 791 827 873 inquom
848 811 905 855 sec
927 791 975 856 tui
995 789 1125 873 fasces?
1157 811 1215 855 cnr

167 892 333 956 laurenti?
360 894 390 957 si
411 894 451 959 ob
471 894 558 975 ipso,
590 913 648 958 cnr
669 885 762 957 sen?
794 897 827 957 et
855 892 956 957 multa
987 891 1052 956 alia
1072 891 1216 971 exempla

166 994 231 1058 alio
268 993 337 1058 loeo
376 994 602 1060 adscribemus.
657 993 768 1075 Neque
807 1012 882 1059 vero
920 994 974 1060 hic
1012 993 1217 1075 praetermit-

168 1097 265 1160 tenda
285 1101 375 1161 sunt:
1177 1097 1180 1102 ’

253 1198 346 1262 Most.
368 1218 398 1263 v.
422 1198 483 1263 668
517 1199 603 1280 Quid
632 1199 755 1282 optior?
789 1200 856 1263 tarn
887 1197 1101 1264 cononandus?
1144 1197 1222 1283 nul„

167 1320 196 1363 v.
218 1300 280 1364 417
305 1302 384 1383 qnid
404 1301 612 1366 conminutas
626 1301 739 1365 Moto?
774 1301 871 1365 Merc.
896 1319 925 1365 v.
948 1301 1011 1365 622
1036 1299 1122 1380 Quin
1139 1320 1216 1381 per·

168 1407 314 1467 contortos
335 1404 471 1468 dominis
494 1424 576 1485 quoe
600 1404 704 1485 facies
723 1402 832 1485 foret?
877 1402 949 1469 Cas.
971 1421 1000 1468 v.
1024 1400 1088 1467 680
1110 1400 1218 1466 Nonis

166 1509 265 1570 tenna
286 1505 344 1570 es?
366 1526 392 1570 :z
414 1505 503 1570 Nom
524 1526 573 1570 me
594 1509 743 1586 expertus
763 1505 915 1586 uspiam?

251 1605 342 1671 Nunc
357 1607 504 1673 Terentio
526 1606 689 1688 paulisper
710 1624 839 1686 operam
855 1607 976 1684 demus,
997 1625 1017 1668 a
1039 1605 1128 1670 cuius
1150 1622 1217 1670 ser·

166 1726 258 1773 mone
280 1710 480 1775 omissionem
503 1731 536 1775 es
551 1708 641 1775 verbi
663 1707 792 1773 minime
813 1708 951 1774 alienam
973 1707 1071 1774 inisse
1094 1712 1129 1772 et
1151 1707 1216 1772 alia

165 1809 342 1876 invenimus
364 1811 508 1893 exempla
530 1816 564 1877 et

251 1912 379 1979 Phorm.
401 1935 430 1979 v.
454 1913 517 1980 ‘198
540 1915 620 1995 qooid
641 1913 700 1978 tu?
722 1914 838 1997 ecquid
859 1913 1009 1979 locutos?

251 2017 286 2078 et
308 2014 406 2079 Andr.
429 2033 458 2079 v.
481 2015 544 2079 202
565 2016 615 2079 itu
637 2020 836 2097 apertiorem
858 2015 990 2080 locutos.

167 2117 257 2193 Quae
279 2133 350 2180 cum
366 2116 413 2181 ita
434 2116 500 2182 sint
522 2116 599 2198 quid
614 2116 793 2182 mirandum
809 2121 868 2197 est,
890 2117 918 2181 si
941 2117 1118 2183 invenimus

251 2216 350 2281 Andr.
373 2237 402 2284 v.
419 2218 480 2284 621
503 2218 560 2285 Ao
580 2239 648 2283 ooo
662 2218 732 2282 diat
754 2238 819 2283 esse
840 2219 898 2283 hoc
917 2217 1089 2301 futuam?
1111 2216 1216 2282 Dixti.

170 2320 256 2401 Quid
275 2321 432 2386 meritos?
459 2319 600 2399 Crucem,

252 2421 306 2487 nbi
329 2444 362 2488 es
383 2423 536 2488 omittunt
557 2421 738 2504 BODEGP,
760 2421 922 2487 Priscian:
958 2423 1050 2513 tqnid
1069 2413 1215 2487 meriaee'

164 2545 226 2606 pro
251 2525 343 2615 <poio
362 2516 541 2604 mernisti';
563 2524 652 2590 Serv.
675 2524 707 2588 in
722 2525 801 2590 Aen.
823 2526 850 2606 1,
872 2525 935 2590 619
959 2525 1038 2606 quid
1058 2524 1217 2589 meritas?

168 2646 311 2705 crucem
339 2627 455 2692 Donat.
478 2627 510 2691 in
534 2628 627 2709 Verg.
659 2626 737 2692 Aen.
759 2626 814 2708 XI,
848 2626 908 2693 179
933 2626 1025 2717 (qnid
1044 2617 1216 2690 meritus'?

165 2729 239 2793 ionic
269 2728 353 2794 dicto
382 2749 569 2811 responsum
599 2735 647 2794 est
676 2720 838 2820 tcrnceoo'.
877 2727 998 2794 Contra
1028 2728 1086 2792 hos
1115 2731 1216 2794 testes

166 2849 273 2896 omnes
303 2832 448 2897 scribunt
485 2832 623 2896 editores
650 2832 800 2896 meritus.
850 2830 1039 2912 Lugendum
1073 2829 1216 2911 profecto

167 2937 226 3014 ast,
249 2935 336 3013 quod
351 2950 494 2998 caremus
509 2933 655 2999 Bembini
675 2933 869 3014 testimonio,
891 2932 947 2996 sed
963 2931 1047 2998 hune
1061 2932 1216 3013 optimum

165 3035 306 3101 codicem
328 3052 554 3101 consensurum
577 3053 648 3100 esse
677 3053 749 3101 cum
778 3034 911 3117 reliquis
933 3035 1120 3100 concludere
1143 3053 1216 3117 pos·

165 3155 275 3202 sumus
295 3156 336 3203 ex

250 3238 347 3305 Haut.
370 3259 399 3306 v.
421 3237 485 3303 815
521 3239 638 3304 Vellem
666 3239 769 3305 herote
796 3241 937 3323 foetum,
966 3239 1016 3303 ito
1036 3239 1168 3304 meritos
1190 3259 1215 3302 ::

166 3341 332 3406 Meritus?
355 3362 417 3424 qao
437 3342 553 3407 modo?

249 3441 305 3506 nbi
335 3443 456 3508 Acnm
484 3443 551 3509 rell.
583 3442 682 3508 habet
711 3445 861 3521 meritos,
891 3444 950 3508 sed
982 3440 1122 3506 editores
1152 3441 1215 3508 hue

166 3562 292 3625 quoqne
315 3545 474 3611 advocant
503 3545 591 3611 illum
621 3544 783 3611 circulum.
827 3546 934 3626 Atque
957 3544 1054 3611 etiam
1077 3545 1214 3610 alterum

165 3647 299 3711 meatus
320 3645 451 3712 verbnm
474 3648 542 3714 sine
563 3669 633 3713 soon
654 3647 793 3728 positum
815 3646 947 3728 indicat,
970 3646 998 3712 si
1020 3647 1099 3729 quid
1112 3646 1215 3727 video,

166 3747 350 3812 Terentium
381 3766 441 3812 non
471 3748 636 3830 scripsisse
664 3751 797 3816 momine
828 3771 868 3816 es.
913 3750 955 3815 Et
986 3748 1118 3814 verbum
1140 3751 1214 3816 sub·

166 3849 343 3915 stantivum
358 3869 429 3916 cum
445 3848 546 3932 abest,
569 3857 706 3935 augetur
721 3852 863 3919 brevitas
878 3857 911 3917 et
934 3851 1086 3917 alacritas
1102 3851 1214 3917 dictio·

164 3955 223 4017 nis.
267 3949 378 4033 Neque
400 3951 516 4017 desunt
537 3953 602 4018 alia
622 3955 785 4036 exempla,
807 3954 862 4020 ubi
884 3956 1017 4020 vomitus
1037 3952 1213 4036 perfeetum

165 4054 311 4137 iungitur
345 4054 413 4119 sina
443 4052 539 4122 verbo
576 4056 775 4123 substantivo
810 4074 939 4123 munere
974 4056 1060 4122 modi
1089 4055 1212 4123 finitivi.
