2768 4710
578 308 791 374 ..33-

248 475 333 540 Men.
356 496 384 540 v.
408 478 490 542 1086
512 479 607 542 Miro
627 499 800 543 memoras:
821 481 947 543 otiaooc
969 481 1103 562 efficere,
1126 480 1212 562 qood

157 577 332 658 pollicitae,
349 581 482 660 posslcs,
842 594 844 597 ’

251 679 305 744 ubi
327 698 409 760 qnae
423 699 556 762 persona
577 682 630 763 sit,
652 702 690 746 ex
706 684 832 764 possics
853 683 932 747 satis
954 688 1098 764 apparet,
1121 689 1155 748 et
1169 684 1209 750 ol.

247 784 332 847 Men.
355 803 383 848 v.
407 784 470 849 309
490 784 663 850 Nummum
684 785 775 849 illam
797 806 888 866 quom
908 784 986 849 mili
1000 786 1122 850 dodum
1140 787 1210 867 pol-

167 885 274 950 licitus
297 886 385 964 dore,
407 923 444 931 -
469 923 510 932 -

248 986 375 1067 labeas,
398 990 428 1055 εἰ
448 990 568 1072 coptos,
585 990 757 1071 porculam
779 990 905 1071 adferri
927 989 983 1053 tibi

208 1122 211 1127 -
253 1095 350 1170 atque
373 1090 468 1156 Haut.
491 1112 519 1157 v.
542 1092 604 1156 823
626 1128 669 1138 —
690 1093 756 1156 ioca
789 1097 955 1175 arpentum
984 1092 1029 1157 od
1059 1113 1129 1156 cam
1158 1092 1211 1156 dc-

165 1191 259 1272 fercs,
284 1192 376 1273 (laod
396 1196 426 1257 ci
441 1193 628 1275 pollicitos:
1099 1262 1103 1269 ,

249 1292 295 1357 sio
310 1294 410 1358 tradit
424 1296 453 1358 Α
468 1296 658 1375 rectissime3
682 1294 793 1376 reliqui
809 1299 916 1359 autern
931 1295 1020 1361 libri:
1044 1296 1073 1359 oi
1088 1316 1120 1360 cs
1137 1296 1211 1376 pol

147 1397 280 1474 licitas,
303 1415 382 1479 quos
404 1397 507 1461 Bentl.
530 1397 686 1479 sequitur3
720 1399 777 1460 sed
799 1396 953 1462 Fleckeis
974 1403 1006 1461 et
1027 1396 1211 1477 Umpfeub.:

164 1501 194 1564 oi
210 1499 394 1581 pollicitos,
417 1518 480 1580 qua
502 1502 631 1565 tandem
646 1499 793 1565 ratione?
814 1499 895 1563 Nam
918 1499 951 1564 hi
973 1504 1031 1563 aut
1052 1505 1088 1565 ut
1108 1499 1213 1566 Bentl.

164 1601 323 1666 debebant
337 1602 484 1680 scribere,
507 1607 564 1665 aut
586 1602 613 1666 si
627 1601 813 1667 Bembinum
836 1602 925 1682 sequi
940 1601 1096 1680 volebant,
1117 1602 1212 1666 omit-

51 1750 58 1763 .
165 1712 233 1767 tere
255 1703 345 1769 illum
375 1703 542 1782 circulum,
573 1705 663 1770 euius
692 1705 764 1768 ideo
796 1703 916 1768 nullum
947 1703 1116 1785 vestigium
1149 1711 1209 1784 est,

163 1807 248 1886 quod
278 1826 310 1869 cs
331 1824 391 1870 non
415 1807 558 1886 sequitur
579 1805 756 1887 perfeetum
772 1805 947 1887 pollicitus.
983 1805 1044 1871 Hie
1066 1806 1211 1871 videmus

164 1907 276 1987 lucide,
300 1927 395 1989 quam
417 1908 484 1973 sine
506 1909 575 1973 iure
596 1908 650 1973 ille
663 1908 799 1974 circulus
814 1908 967 1988 adreptus
983 1909 1027 1972 sit
1047 1913 1085 1973 ut
1106 1926 1209 1973 reme·

165 2009 250 2074 dium
273 2028 370 2075 unum
394 2015 489 2090 atque
512 2009 707 2090 primarium.
752 2008 833 2073 llam
857 2010 884 2074 si
913 2031 945 2075 es
968 2011 1079 2074 deesse
1102 2010 1211 2090 nequi·

164 2119 224 2192 ret,
247 2113 378 2178 deberet
392 2112 427 2177 id
441 2113 516 2195 poni
536 2116 608 2194 post
631 2113 660 2176 ei
681 2131 751 2176 cum
767 2111 898 2191 reliquis
920 2111 1019 2192 libris,
1041 2111 1117 2192 quia
1130 2112 1211 2178 haec

163 2216 251 2294 apud
272 2216 454 2281 Terentium
477 2215 583 2279 iuveni
605 2213 767 2294 exempla:
792 2214 867 2278 Heo.
890 2232 919 2280 n.
944 2213 1005 2279 786
1028 2215 1113 2295 qaod
1132 2214 1211 2279 mili

27 2354 40 2375 ·
167 2340 199 2383 cs
215 2319 365 2400 pollicito
387 2323 453 2382 tate
473 2323 512 2382 ot
539 2336 642 2382 amoos
670 2314 767 2380 Haut.
789 2336 818 2381 v.
841 2317 904 2382 329
937 2315 1019 2380 Trono
1049 2317 1134 2399 qood
1164 2318 1216 2382 illi

166 2426 332 2503 arpentum
347 2442 379 2485 cs
400 2420 562 2502 pollicitus
577 2419 685 2483 codem
707 2419 767 2483 lcac
781 2420 944 2484 iaoeaiora
965 2420 1029 2496 oio,
1051 2423 1149 2499 atque
1164 2418 1216 2483 hic

168 2523 294 2602 quidem
325 2540 451 2588 necease
480 2527 550 2586 erat
581 2542 613 2585 os
635 2525 815 2601 poneretur,
846 2521 921 2602 quia
943 2539 980 2585 eo
1002 2520 1118 2585 omisso
1142 2539 1216 2586 con-

165 2623 254 2704 iungi
285 2625 423 2690 debebat
450 2623 654 2705 participium
684 2640 754 2686 oum
783 2624 910 2687 iaceaio
940 2623 1051 2703 verbo,
1084 2627 1117 2687 et
1145 2644 1216 2688 sam

167 2725 296 2790 verbum
319 2726 470 2809 suppleri.
515 2725 549 2790 Si
569 2725 669 2806 igitur
690 2724 815 2788 omnino
838 2746 871 2790 cs
889 2723 1020 2790 verbum
1043 2725 1098 2789 illo
1113 2725 1214 2791 Haut.

167 2846 260 2893 versu
284 2828 346 2894 823
369 2829 442 2910 poni
469 2829 608 2904 deberet,
630 2845 691 2891 non
713 2826 818 2892 facere
845 2845 1018 2909 possemus,
1041 2828 1116 2907 quin
1139 2829 1216 2893 reli-
1242 2878 1246 2884 .

167 2949 245 3011 quos
275 2929 372 2995 libros
394 2948 596 3012 sequeremur
628 2936 661 2994 et
693 2936 907 2997 statueremus
929 2930 961 2993 in
985 2932 1014 2993 Α
1036 2950 1068 2994 cs
1090 2938 1163 3011 post
1187 2932 1218 2996 ei

166 3032 329 3098 excidisse.

253 3135 360 3214 Vides,
382 3153 477 3219 quam
499 3133 579 3199 falso
594 3135 654 3199 viri
677 3136 763 3199 docti
786 3134 847 3219 sibi
868 3134 1087 3216 persuaserint
1108 3134 1159 3200 hio
1183 3142 1219 3200 et

168 3237 240 3303 aliis
270 3237 347 3304 loeis
369 3241 442 3319 post
470 3257 524 3301 -os
555 3226 818 3303 terminationem
837 3236 991 3301 excidisse
1013 3257 1053 3301 cs.
1084 3236 1220 3304 Minime

168 3347 273 3404 autern
298 3340 439 3422 cogimur
462 3340 502 3402 de
516 3338 661 3404 Bembini
682 3338 744 3403 fide
767 3338 931 3404 dubitare:
956 3356 1027 3402 nam
1050 3340 1219 3419 praemisi-

169 3461 238 3507 mus
275 3442 338 3508 alia
368 3441 512 3524 exempla
545 3441 653 3506 omissi
691 3462 723 3505 es
751 3441 841 3507 verbi
882 3440 1044 3505 simillima
1086 3449 1120 3506 et
1149 3441 1216 3507 ianr

169 3545 304 3609 alterum
336 3544 503 3610 habuimus
536 3543 711 3625 exemplum
735 3543 779 3625 (p.
810 3543 876 3626 24),
909 3542 1036 3606 Phorm.
1067 3541 1132 3607 550
1159 3544 1220 3610 ubi

169 3646 282 3728 reliqui
316 3646 389 3711 libri
421 3647 552 3711 tradunt
576 3647 730 3728 quidnam
752 3666 784 3709 es
812 3646 978 3728 foeturas,
1008 3646 1038 3707 Α
1060 3646 1220 3727 quidnam

167 3750 325 3832 facturos.
368 3748 417 3813 Ibi
440 3766 563 3830 quoque
585 3748 640 3813 illa
655 3748 821 3813 verborum
845 3746 1009 3813 collocatio
1032 3753 1081 3813 est
1102 3749 1220 3820 rectis-

169 3851 259 3931 sima,
282 3852 450 3916 sedetiam
473 3851 516 3915 ibi
532 3851 674 3915 Bembini
698 3851 862 3914 lectionem
878 3850 1066 3915 retinuimus
1087 3857 1124 3914 ut
1140 3869 1219 3918 vere

169 3954 400 4019 Terentianum.
452 3954 494 4017 Et
524 3955 680 4018 accedunt
709 3954 864 4018 secundae
896 3970 1048 4034 personae
1080 3952 1221 4020 omissae

168 4055 246 4122 haec
268 4055 427 4138 exempla:
