2768 4710
605 309 817 377 „35-

270 479 322 546 cui
351 481 458 546 versui
487 483 578 546 deest
607 482 748 564 syllaba;
779 483 888 566 itaque
918 488 955 548 ut
981 502 1091 550 versus
1122 483 1234 567 plenus

165 586 355 663 evaderet,
388 584 518 665 scripsit
540 584 758 651 Camerarius:
789 588 934 668 quisquis
965 608 1094 668 sperma
1122 594 1160 653 ct
1180 590 1235 654 des

164 688 263 752 weilai
286 693 320 751 et
342 687 477 751 redditit
499 705 625 752 versum
648 706 761 752 sanum
790 699 886 768 atque
909 687 1144 772 elegantiorem,
1178 692 1233 756 sed

172 796 277 855 estne
299 790 468 855 verborum
483 794 645 854 structura
667 791 766 854 sana?
787 789 962 856 Ritschelio
984 809 1044 855 non
1066 795 1237 859 videbatur

171 911 272 973 esse;
304 910 368 973 qua
397 893 437 955 de
459 909 554 956 causa
577 892 705 972 scripsit
727 893 896 973 qaisquds,
928 894 1011 974 quod
1034 899 1130 976 putat
1151 896 1234 961 idem

168 1014 253 1061 esse
276 996 360 1076 quod
383 995 527 1076 pompeis
548 1015 597 1087 es.¹
612 994 655 1057 Et
676 994 837 1058 Vahlenus
859 995 939 1059 illud
963 995 1137 1062 Camerarii
1159 1017 1233 1080 pro-

143 1112 149 1121 '
172 1099 326 1178 positum
349 1097 396 1161 ita
418 1096 574 1176 probavit,
597 1102 633 1160 ut
655 1096 686 1160 in
710 1102 831 1161 textum
848 1095 1023 1177 reciperet;
1045 1116 1146 1181 neque
1162 1118 1235 1163 vero

181 1219 257 1265 cum
279 1199 455 1264 Ritschelio
484 1198 610 1278 scripsit
643 1200 804 1281 quisquis.
847 1200 959 1279 ltaque
987 1207 1045 1264 aut
1075 1202 1237 1282 coniungit

179 1309 223 1369 at
243 1305 300 1369 des
322 1303 484 1386 quisquis,
518 1302 601 1381 quod
624 1301 676 1366 vix
699 1300 802 1365 lacere
823 1306 939 1380 potest,
962 1305 1233 1368 succensendum

182 1414 248 1487 est,
278 1427 311 1471 es
332 1405 418 1485 apud
441 1404 586 1486 quisquis
607 1403 710 1468 omitti
733 1421 834 1482 posse.
878 1404 940 1469 Sed
964 1424 1003 1468 ne
1025 1406 1084 1469 hoc
1106 1406 1235 1486 quidem

186 1508 420 1575 concedendurn
444 1513 503 1582 est,
526 1506 585 1570 hoc
600 1510 684 1570 esset
706 1505 831 1570 unicum
855 1506 1049 1587 exemplum;
1073 1527 1145 1573 nam
1161 1509 1234 1574 vide

185 1617 307 1677 cetera:
331 1609 412 1673 Men.
434 1627 464 1672 v.
490 1607 571 1674 1004
592 1607 640 1671 Ar
661 1608 717 1672 troi
736 1608 771 1672 dd
792 1629 914 1690 semper
931 1610 1126 1688 adulescens,
1149 1612 1236 1693 quis-

188 1715 258 1797 quis
290 1713 338 1790 e‘s,
366 1712 497 1793 fuerant
517 1711 609 1788 bene,
641 1711 724 1774 Rud.
747 1729 776 1774 v.
798 1710 861 1777 628
893 1711 937 1776 Te
960 1718 1097 1793 optestor
1127 1735 1233 1792 senece,

187 1817 330 1900 quisquis
361 1816 413 1878 e‘s:
444 1813 530 1895 Quin
553 1818 588 1877 tu
609 1835 670 1891 —-,·
701 1831 728 1876 v.
752 1813 816 1878 944
845 1812 920 1879 Iam
950 1815 1096 1897 quisquis
1126 1817 1158 1881 e‘s
1187 1839 1236 1882 me

187 1922 257 1985 oddo
279 1919 407 1995 emicem
430 1917 513 1981 1146
538 1915 610 1979 Tc'bc'
631 1916 705 1979 deos
728 1916 827 1980 iratos
849 1937 915 1980 esse
938 1922 1068 1998 oportet,
1092 1919 1235 2002 quisquis

187 2025 235 2102 e's,·
265 2021 379 2086 Pseud.
402 2039 431 2082 v.
456 2018 535 2084 1141
571 2017 706 2098 Qudquds
737 2039 783 2095 es,
817 2019 1004 2084 adulescens
1027 2041 1156 2100 operam
1178 2024 1235 2103 foc

188 2124 352 2205 compendi
381 2140 541 2203 quaerere.
584 2118 678 2183 Poen.
701 2137 729 2182 u.
754 2119 836 2183 1028
866 2120 913 2185 Et
944 2126 979 2185 ta
1009 2123 1120 2203 edepol
1148 2127 1234 2205 qais·

187 2228 258 2310 qais
279 2247 311 2291 es
324 2224 339 2308 11
354 2243 480 2306 quaeso,
502 2223 553 2287 die
576 2225 671 2302 utque
686 2221 819 2302 impera.
842 2223 923 2286 Rud.
946 2242 974 2288 v.
1000 2225 1060 2290 108
1084 2225 1140 2289 tc'lri
1163 2229 1234 2308 qui-

187 2331 256 2394 dem
283 2327 402 2402 dasle,
434 2324 578 2408 quisquis
607 2344 655 2401 es,
685 2343 837 2406 moenum
857 2325 985 2390 molam.
1028 2325 1097 2389 Mil.
1120 2347 1148 2391 v.
1170 2329 1233 2394 427

189 2434 267 2517 Quis
289 2451 343 2514 epo
363 2449 434 2493 soem
463 2429 577 2511 cpitar,
609 2428 638 2490 st'
659 2426 743 2490 darre
763 2427 919 2509 decorem?
941 2447 964 2491 ::
987 2427 1075 2493 Mr'lre'
1097 2431 1232 2512 odiosus,

188 2535 333 2619 quisquis
363 2553 396 2596 es
424 2530 471 2594 Et
501 2534 537 2593 tu
567 2533 598 2592 et
625 2528 675 2592 liic
689 2532 733 2608 1);
763 2528 817 2592 ubi
840 2535 898 2593 aut
920 2530 1138 2612 coniungenda
1159 2543 1235 2598 sunt

186 2637 299 2703 verba:
326 2635 404 2699 milri
426 2632 552 2696 odiosus
575 2635 604 2695 et
628 2635 663 2695 tu
684 2635 715 2694 et
735 2631 800 2708 lde,
823 2631 855 2695 id
882 2632 966 2714 quod
981 2633 1134 2712 praefero,
1158 2637 1233 2718 quia

185 2740 231 2805 sic
254 2736 402 2802 facillime
425 2755 457 2798 es
478 2733 647 2812 omittitur,
669 2737 725 2797 aut
740 2739 813 2814 post
834 2755 867 2798 es
890 2735 1157 2816 distinguendum,
1180 2757 1234 2801 ne·

185 2862 247 2924 que
270 2841 373 2905 minus
394 2837 486 2903 facile
508 2844 575 2901 tum
599 2836 689 2900 deest
713 2856 745 2899 es
767 2836 798 2899 in
821 2837 1032 2916 responsione.

272 2943 320 3008 Ex
342 2943 392 3007 his
415 2947 520 3005 autern
543 2937 694 3018 exemplis
708 2944 843 3017 apparet
865 2960 897 3003 es
918 2957 1043 3019 semper
1065 2941 1139 3019 poni
1161 2949 1234 3023 post

186 3047 333 3131 quisquis
355 3051 388 3109 et
410 3062 534 3123 semper
556 3041 681 3122 plenam
705 3040 857 3120 syllabam
881 3059 965 3119 esse,
989 3042 1141 3122 sineque
1164 3062 1233 3108 uer·

185 3167 242 3214 sus
264 3166 392 3211 mancus
422 3147 481 3224 sit,
509 3161 664 3223 nusquam
698 3141 833 3206 inveniri
864 3143 958 3206 talem
989 3143 1232 3222 applicationem

185 3250 291 3333 qualis
320 3250 492 3314 statuenda
524 3254 608 3311 esset
636 3247 720 3309 Men.
750 3262 778 3308 v.
802 3244 873 3308 900.
909 3243 991 3307 Huic
1022 3247 1125 3309 versui
1157 3249 1233 3328 quid

186 3354 287 3436 igitur
318 3351 490 3416 iaciemus?
534 3350 596 3412 Res
626 3354 733 3410 autem
763 3352 813 3410 est
842 3346 1063 3427 apertissima,
1098 3367 1170 3412 nam
1200 3351 1233 3415 id

185 3457 271 3536 quod
293 3455 498 3520 vehementer
520 3451 753 3528 desideramus
784 3470 816 3512 es
843 3455 914 3530 post
936 3450 1081 3531 quisquis
1111 3450 1232 3516 inveni·

186 3566 241 3624 tur
270 3558 300 3623 in
324 3557 513 3635 Decurtato‚
543 3554 631 3618 cuius
663 3551 843 3616 testimonio
871 3553 898 3616 si
931 3551 1050 3614 utimur
1079 3551 1232 3617 habemus

188 3661 271 3726 huuc
294 3650 445 3723 versum!

273 3760 396 3826 Mittite
409 3761 515 3823 istane
538 3778 559 3822 ::
587 3755 719 3822 Obsecro
741 3761 770 3820 te
792 3756 937 3837 qudsqeds
959 3777 991 3820 es
1014 3754 1142 3837 operdm
1155 3758 1233 3822 midi

187 3868 225 3929 aad
245 3865 300 3928 des

258 4069 283 4134 1)
300 4071 374 4130 Verg.
394 4070 439 4115 sol.
458 4070 482 4128 3,
502 4069 549 4115 109
568 4074 589 4112 et
606 4066 681 4113 vitula
698 4073 723 4112 tu
740 4065 825 4124 clipeus
843 4071 865 4111 et
881 4065 926 4113 die.

984 4157 1001 4209 3
1012 4145 1031 4182 dl
