2768 4710
658 301 869 366 -88-

324 471 515 554 Itaqueiam
539 472 694 539 refutasse
715 471 793 537 mihi
816 471 923 537 videor
938 470 1110 553 Anspachii
1128 470 1284 535 coniectu·

240 594 326 657 ram,
358 573 412 657 qni
433 574 529 641 Bach.
553 594 581 639 v.
602 575 664 640 398
687 573 812 640 scribit:
842 576 944 658 mopis
974 595 1044 639 cam
1067 594 1146 638 coro
1168 594 1233 638 esse
1256 578 1287 637 et

240 698 310 742 com
333 677 534 761 obotpllotost
564 698 650 760 opos.
695 677 829 742 Necesse
859 681 908 742 est
936 675 1129 742 retineatur:
1154 676 1283 768 ,ocupa-

240 780 335 845 lotost
357 771 460 861 opos'.
505 781 583 845 Tum
614 777 791 844 autemfieri
824 797 883 844 non
906 782 1029 860 potest,
1059 783 1096 843 ut
1128 777 1285 843 scribatur

241 875 423 974 ,aecumstb
466 882 601 949 Plautus
632 880 762 962 scripsit
791 873 954 971 ‘neceam'
983 899 1084 963 neque
1113 879 1148 945 id
1175 879 1285 961 negari

241 984 353 1064 debet,
383 986 570 1066 praesertim
601 1002 672 1050 cum
701 982 761 1048 hoc
790 1001 849 1048 non
873 983 999 1048 unicum
1028 984 1070 1048 sit
1092 982 1284 1064 exemplum;

241 1087 314 1151 vide
336 1086 418 1151 enim
442 1086 509 1151 Mil.
525 1106 554 1150 v.
572 1087 654 1152 1070
676 1084 776 1150 Facis
797 1106 883 1150 noae
905 1091 943 1151 ot
964 1091 993 1151 te
1013 1086 1123 1168 facere
1145 1106 1286 1168 aequom,

241 1189 294 1254 ubi
309 1190 347 1254 R.
370 1189 448 1253 item
469 1186 549 1253 falso
565 1186 694 1269 scripsit
719 1180 914 1277 ,aequomslss
937 1189 978 1253 ad
994 1188 1077 1270 quod
1093 1186 1286 1253 reiciendum

240 1290 375 1356 fortasse
404 1291 500 1356 etiam
523 1288 590 1354 Mil.
612 1310 641 1355 r.
664 1289 728 1355 286
760 1290 997 1356 commemorari
1018 1295 1140 1372 potest:
1175 1288 1236 1380 ,Da
1259 1295 1287 1354 te

237 1395 390 1478 perdant.
437 1393 481 1457 Te
512 1394 594 1457 istoc
616 1413 764 1474 aequora,
787 1383 950 1475 quonium'
974 1393 1057 1474 quod
1081 1411 1213 1458 vacuum
1238 1398 1288 1457 est

241 1497 326 1561 omni
355 1494 554 1560 dubitatione
587 1493 675 1576 (vide
706 1514 736 1576 p.
770 1495 822 1573 12)
854 1511 955 1574 neque
986 1495 1023 1560 R.
1053 1496 1121 1578 ipse
1152 1496 1287 1560 mutavit

241 1598 337 1664 Bach.
360 1618 388 1662 v.
411 1597 474 1661 209
497 1595 621 1663 Scitam
641 1598 733 1674 istoc,
756 1595 840 1678 quod
863 1615 973 1662 versus
995 1602 1112 1662 tuetur.

328 1702 416 1778 Quae
439 1717 510 1764 cum
533 1700 580 1764 ita
601 1700 675 1778 sint,
697 1698 846 1779 quoniam
861 1698 999 1764 vidimus
1021 1700 1171 1766 Plautum
1195 1719 1288 1764 usur-

242 1821 337 1885 passe
359 1823 492 1884 oeqaom
512 1820 570 1883 pro
592 1821 725 1884 aequom
745 1806 793 1866 est
813 1801 875 1865 iarn
899 1801 1015 1867 nullam
1040 1821 1166 1868 causam
1190 1803 1288 1869 habe-

242 1925 323 1986 mus,
346 1923 402 1969 cur
423 1922 574 1986 negemus
596 1905 680 1969 idem
703 1902 822 1968 iactum
845 1921 914 1970 esse
936 1905 1021 1986 apud
1046 1926 1122 1997 ,por
1144 1897 1213 1986 est’.

328 2007 424 2074 Bach.
453 2025 481 2071 v.
516 2007 577 2072 219
609 2006 720 2071 Molos
758 2027 854 2089 quom
893 2007 988 2073 booos
1012 2029 1077 2089 porr
1112 2008 1214 2091 mopls
1242 2029 1290 2072 me

242 2111 354 2175 lavore

328 2212 383 2278 ubi
416 2214 453 2278 R.
484 2231 523 2276 ne
551 2212 721 2277 omittatur
753 2202 837 2302 μετ’,
868 2211 980 2277 scribit
1012 2205 1162 2303 ,mapsa
1207 2212 1300 2296 Sanc,

243 2316 446 2381 inveniuntur
468 2314 611 2396 exempla
633 2314 688 2380 ubi
711 2319 757 2379 est
777 2314 817 2379 ab
839 2313 1104 2395 impersonalibus
1124 2315 1290 2382 interiecto

245 2417 307 2482 alio
330 2418 426 2483 verbo
449 2416 620 2496 dirimitur,
639 2418 704 2481 sed
728 2423 872 2495 essunt,
902 2421 938 2481 ut
961 2422 1008 2482 est
1028 2415 1120 2483 facile
1143 2435 1214 2483 cum
1237 2437 1291 2482 vo·

240 2519 301 2585 cali
316 2519 489 2586 coalescat:
507 2541 575 2602 por
588 2520 735 2602 focerest,
758 2518 932 2584 homocum
946 2521 1148 2603 ipooscerest‚
1172 2527 1291 2586 certam

244 2623 387 2705 eaeqotst
415 2620 466 2701 (cl.
488 2622 619 2687 Vahlen.
652 2621 764 2686 Herm.
787 2621 904 2706 XVII.)
941 2620 1050 2702 Neque
1073 2623 1213 2689 dubitari
1236 2642 1292 2705 po·

244 2728 326 2806 test,
358 2724 433 2807 quin
466 2729 512 2789 est
533 2742 604 2789 cum
627 2725 670 2789 -is
693 2728 783 2789 coeat
813 2724 845 2789 in
876 2743 972 2788 unam
1000 2723 1173 2807 syllabam,
1204 2726 1293 2792 velut

243 2828 341 2893 Mero.
365 2845 393 2891 u.
417 2827 479 2892 672
510 2832 636 2892 tontum
665 2827 722 2891 boc
751 2827 872 2891 onerist
898 2825 964 2889 Mil.
988 2845 1016 2890 u.
1041 2827 1103 2893 779
1133 2850 1215 2910 qaae
1238 2851 1291 2895 ca·

239 2931 336 3013 picas
357 2931 452 2994 balos
475 2930 631 3011 corporist
652 2927 751 2994 Stich.
773 2949 802 2994 v.
826 2929 868 2994 74
889 2930 1091 3009 coenobitam
1113 2934 1219 2997 tamen
1243 2951 1291 2999 re·

243 3033 373 3098 tinenda
396 3037 445 3098 est
467 3031 588 3097 tradita
609 3031 712 3097 lectio.
757 3031 800 3095 Et
822 3030 950 3097 afferam
980 3050 1171 3115 quamquam
1195 3034 1291 3115 paulo

244 3135 337 3201 aliter
359 3153 393 3199 se
415 3132 528 3199 habet:
552 3135 593 3199 ad
609 3135 677 3200 Att.
699 3133 753 3212 IX,
778 3134 827 3216 13,
851 3135 871 3200 3
896 3137 987 3226 ,qaia
1010 3137 1105 3200 etlam
1126 3136 1210 3202 illud
1227 3159 1292 3222 por

243 3240 279 3305 o'o
301 3244 435 3320 atroque
457 3241 609 3316 nostram,
632 3238 717 3319 qaod
737 3237 838 3303 illecti
859 3229 985 3302 samos'.

329 3340 454 3405 Melias
469 3339 536 3403 sine
559 3343 606 3403 est
626 3338 721 3403 verbo
737 3339 863 3422 saepius
878 3339 1017 3405 occurrit
1032 3344 1116 3422 apud
1132 3341 1292 3424 Plautum,

245 3462 325 3527 quos
347 3442 431 3508 locos
462 3457 570 3504 omnes
592 3445 717 3506 mutare
739 3442 893 3509 audaciae
915 3446 973 3508 est.
1018 3441 1081 3508 Sed
1102 3445 1289 3528 priusquam

244 3546 303 3611 hos
333 3545 418 3610 locos
450 3542 640 3624 adscribam,
671 3543 770 3610 oculis
792 3543 944 3610 subiciam
974 3564 1054 3626 quae
1077 3545 1181 3613 inveni
1204 3550 1291 3630 apud

245 3648 323 3713 alios
351 3645 520 3726 scriptores
552 3645 696 3727 exempla
725 3665 825 3730 neque
855 3651 1022 3713 mutantur
1044 3647 1084 3713 ab
1106 3648 1289 3717 editoribus.

246 3749 396 3826 ciceron
419 3747 529 3812 scribit
551 3748 593 3812 ad
617 3751 683 3813 nrt.
705 3750 790 3828 XIV,
813 3750 864 3831 22,
887 3750 907 3814 2
929 3751 1055 3816 miliens
1075 3753 1157 3817 morl
1178 3755 1290 3821 melios

245 3852 318 3917 balo
335 3851 527 3933 praesertim
556 3851 657 3915 aetati
677 3852 730 3931 VI,
755 3855 783 3932 6,
805 3852 827 3916 4
857 3853 914 3917 boc
941 3853 1053 3918 melius
1076 3859 1106 3919 et
1126 3856 1222 3922 boios
1242 3860 1291 3923 rel

316 4076 343 4142 1)
364 4079 394 4124 cl.
415 4076 519 4124 Vahlen.
538 4076 595 4121 adn.
615 4077 647 4122 ad
666 4077 717 4124 Cic.
736 4077 767 4123 de
785 4077 833 4136 leg.
853 4077 898 4138 111,
918 4079 959 4138 20,
977 4080 1010 4125 47
1029 4077 1068 4124 ed.
1087 4094 1134 4126 sec.
