2790 4988
588 331 801 398 „544

170 501 212 566 ad
243 519 411 582 quamnam
433 521 600 585 personum
625 503 871 583 referendarum,
902 520 962 568 non
990 505 1136 584 apertum
1156 506 1218 583 444,

173 610 260 669 recte
284 611 426 671 mutatur
456 606 486 670 in
515 626 627 670 444444
655 611 693 669 44
714 604 800 671 Pero.
823 623 851 670 u.
870 606 936 670 474
962 626 1073 670 samoe
1096 605 1220 687 probus

172 704 242 770 Cas.
265 706 307 785 ll,
329 708 359 784 4,
382 708 424 772 24
446 728 557 773 sumne
579 727 633 790 eqo
656 707 867 788 miserhomo,
890 707 928 773 cf.
947 707 1055 773 Mueil.
1077 725 1107 788 p.
1124 706 1218 790 53¹).

172 807 303 873 Minime
324 830 394 874 4444
416 810 616 876 desideratur

256 911 349 991 Epid.
365 932 400 976 u.
419 911 482 978 650
505 913 592 994 Quid
613 933 667 997 eqo
687 913 778 978 modo
799 913 873 978 44444
891 912 996 994 freter
1016 913 1125 995 focius
1143 914 1219 978 444444

169 1014 292 1079 introeo
313 1018 409 1097 atque
431 1035 514 1094 exeo,

257 1134 331 1180 nam
360 1137 415 1200 eqo
435 1117 596 1183 antecedit
623 1122 656 1182 et
678 1118 763 1199 apud
791 1118 900 1200 factos
921 1116 1097 1199 perfectum
1120 1117 1217 1183 etiam

171 1239 203 1282 44
225 1219 331 1284 omitti
352 1218 491 1286 uidimus
513 1240 543 1303 p.
563 1221 613 1286 27.
659 1220 723 1286 Sed
751 1239 861 1286 versus
885 1210 1021 1303 ¹quidem
1051 1229 1100 1284 444
1122 1220 1217 1285 uehe-

170 1326 292 1386 menter
307 1326 475 1403 corruptus
498 1341 599 1405 neque
612 1342 750 1406 unquam
768 1331 854 1389 certo
870 1323 1100 1389 emendabitur.
1135 1322 1218 1387 Nam

171 1421 294 1488 Goetzii
317 1442 414 1504 opera
437 1442 547 1491 versus
568 1426 681 1507 plenus
703 1425 831 1506 quidem
854 1422 959 1490 iectus
981 1430 1031 1489 est
1053 1445 1113 1490 non
1138 1426 1216 1490 item

172 1524 199 1587 is
221 1542 315 1606 quem
338 1524 473 1593 Plautus
495 1528 634 1609 scripsit.
676 1527 724 1595 (ii.
747 1526 854 1593 Muell.
876 1527 964 1593 Pros.
987 1547 1018 1609 p.
1037 1527 1109 1594 484.

255 1626 298 1691 Et
314 1627 415 1694 Mera.
440 1648 467 1696 v.
484 1631 549 1697 840
570 1630 764 1714 Apparatus
787 1651 871 1710 44444,
893 1636 931 1695 ot
950 1631 1081 1710 uidetis;
1115 1630 1218 1696 obicio

169 1729 360 1810 superbiora,
464 1762 467 1767 ·

254 1832 388 1917 qumet
406 1835 484 1902 milri
513 1854 612 1900 comes
634 1835 758 1900 calator
789 1856 884 1917 equos
912 1856 1020 1919 nqueo,
1048 1834 1053 1919 Ι
1080 1837 1220 1921 44444944

254 1934 388 2020 qumet
401 1958 472 2003 44444
488 1936 566 2002 milri
583 1938 766 2020 imperator,
787 1939 872 2004 idem
885 1944 1003 2023 eqorrret
1017 1939 1096 2005 milui
1112 1939 1219 2004 obedio

258 2038 295 2104 R.
311 2044 355 2103 ut
376 2039 499 2105 hiatum
516 2038 652 2122 tolleret,
675 2039 810 2107 inseruit
829 2062 917 2120 4444;
940 2040 1000 2106 hoc
1022 2046 1130 2106 autem
1146 2060 1217 2107 ver-

170 2141 245 2206 bum
264 2148 347 2207 esset
362 2159 641 2224 supervacaneum,
665 2143 790 2208 etiamsi
812 2160 998 2223 somnoque
1014 2144 1224 2210 antecederet.

170 2264 272 2327 neque
293 2252 488 2327 sequeretur,
520 2263 592 2309 uam
624 2237 764 2336 eqomet'
795 2245 897 2310 adest.
940 2243 999 2309 lllo
1027 2245 1217 2328 praesertim

169 2348 238 2413 loco
267 2369 338 2413 4444
367 2365 498 2430 prorsus
519 2347 666 2429 lauguet;
697 2355 731 2412 et
752 2347 894 2413 Mueller.
917 2367 947 2429 p.
969 2347 1047 2413 681:
1079 2350 1219 2441 calator

172 2469 226 2533 eqo
248 2451 364 2532 444444,
387 2471 442 2534 eqo
464 2441 586 2534 oqaso'.

255 2551 351 2617 Bach.
374 2573 403 2619 u.
419 2554 482 2619 946
505 2553 605 2618 Miles
623 2552 815 2632 Menelaust
839 2573 893 2636 eqo
907 2552 1112 2636 Ammoneo,
1132 2553 1217 2618 idern

176 2653 293 2722 Ulixes
300 2654 436 2720 Loutias

256 2778 327 2823 sum
355 2776 417 2823 non
442 2776 522 2839 opus
551 2776 621 2824 4444
648 2757 744 2823 etiam
768 2758 804 2823 R.
829 2758 985 2825 concessit
1007 2759 1067 2840 Op.
1089 2758 1130 2838 Π,
1152 2758 1216 2823 498

170 2859 224 2940 qui
256 2859 289 2924 in
319 2860 458 2926 editione
487 2865 614 2926 secutus
644 2866 715 2925 erat
743 2860 960 2927 Hermannum
1001 2863 1099 2952 <444444
1129 2853 1215 2926 44444

172 2963 375 3043 scribentem
408 2962 529 3029 frustra
560 2962 684 3029 hiatum
717 2962 830 3028 tollere
863 2969 995 3029 conatus
1028 2968 1078 3028 est
1108 2962 1216 3028 Muell.

169 3065 257 3130 eros.
280 3085 311 3147 p.
328 3067 389 3132 698
966 3089 968 3093 ’

241 3257 266 3322 )
241 3258 401 3306 Traditur
417 3257 482 3304 Men.
501 3271 526 3306 v.
540 3258 589 3306 685
608 3255 642 3304 Et
654 3255 713 3316 quad
722 3255 798 3304 tractre
815 3255 957 3315 atqaidlua'e
974 3255 1034 3302 444744
1042 3255 1137 3314 diceret,
1153 3255 1216 3314 faxo

170 3342 234 3390 arias
252 3344 294 3403 qui
313 3357 408 3404 versus,
434 3343 557 3403 quomodo
575 3341 756 3418 intellegendus
775 3341 815 3402 sit,
833 3357 905 3389 nemo
928 3347 1010 3402 potest
1028 3341 1149 3402 dubitare,
1174 3342 1218 3402 qui

167 3430 242 3488 paulo
266 3434 323 3475 ante
347 3428 442 3476 audivit
467 3428 652 3475 Menaechmum
678 3443 708 3475 ex
732 3443 808 3475 uxore
825 3433 998 3487 quaerentem,
1025 3424 1084 3486 qaid
1105 3433 1131 3473 tu
1155 3427 1216 3472 444744

168 3514 246 3561 creatio
269 3528 293 3559 44
316 3520 341 3560 44
366 3528 395 3560 44
421 3513 539 3560 Peniculo
565 3513 631 3576 qaid
656 3510 764 3561 dicrimii’
788 3528 822 3560 sc.
849 3513 927 3560 44444.
968 3511 1065 3559 Deinde
1089 3526 1119 3560 44
1143 3511 1216 3576 faxo

168 3599 240 3646 aeiod
258 3605 362 3659 apparet
379 3599 423 3644 aim
440 3597 544 3644 verbum
565 3599 731 3660 supplendum
749 3613 804 3647 4444
822 3600 853 3646 ad
871 3599 956 3646 4444444.
990 3597 1021 3646 ci.
1041 3598 1106 3646 Men.
1124 3611 1151 3643 v.
1167 3597 1216 3644 199

168 3692 193 3732 ut
203 3690 322 3745 jacturae
339 3685 425 3732 dicam.
461 3684 543 3731 Etiam
561 3686 595 3733 444
611 3686 648 3732 itu
665 3685 786 3732 omittitur
803 3684 894 3744 Amph.
907 3686 955 3732 342
975 3684 1074 3730 Pontum
1092 3683 1153 3730 44444
1169 3697 1216 3742 quo

165 3775 296 3832 pruufertoo,
320 3772 404 3831 quoium
422 3771 455 3818 444
473 3778 516 3818 aot
533 3771 593 3830 quid
608 3770 700 3817 4444444
722 3773 746 3817 44
762 3770 837 3816 Poen.
857 3772 906 3818 982
927 3768 991 3826 Quid
1006 3768 1095 3816 44444444
1118 3766 1161 3827 qai
1177 3768 1215 3826 444,

169 3859 280 3917 quoium,
297 3859 360 3904 unde
377 3858 408 3906 ait
431 3860 492 3904 Aen.
513 3858 533 3916 1,
552 3859 600 3905 oli
620 3871 680 3915 quac
690 3859 795 3916 sertam
812 3853 878 3912 44444,
903 3854 1003 3900 elacrem
1021 3869 1066 3914 qno
1084 3853 1152 3901 litore
1169 3853 1216 3900 444·

169 3951 243 4002 qoam
260 3944 319 4002 quid
334 3944 429 3991 4444444
454 3944 529 4002 Prop.
547 3943 567 3999 Ι,
587 3945 628 4000 22,
650 3946 660 3988 l
689 3941 774 3999 Qualia
791 3947 813 3988 et
835 3939 897 3986 unde
920 3954 992 4000 qenua
1016 3933 1059 3998 qai
1079 3940 1128 3986 44444
1149 3938 1215 3997 miti,

171 4028 244 4088 Tolle,
257 4036 379 4097 penates.
402 4029 531 4088 Quomodo
549 4026 575 4073 in
593 4028 786 4087 interrogatione
801 4026 894 4073 directa
911 4024 945 4072 ita
964 4024 1068 4073 verbum
1081 4021 1216 4075 substauti-

169 4130 227 4170 vum
246 4118 381 4178 omittatur,
399 4115 457 4162 vide
474 4129 498 4175 p.
514 4116 554 4161 19.
571 4137 604 4150 -
