2768 4710
585 348 627 362 -
672 308 798 423 15...

89 504 93 515 ’
169 485 240 550 utla
263 487 372 550 teucri.
394 486 435 549 ad
452 486 520 550 uu.
535 484 620 566 XVI,
644 487 672 561 1,
695 484 715 548 3
738 482 892 565 Dyuaeos
907 502 985 565 apro
1001 480 1115 562 pulsos
1128 499 1217 544 mare

170 588 324 669 tufestum
345 587 458 653 habere
479 588 528 653 uu
548 589 672 651 marum.

258 689 319 755 Ces
340 690 383 768 Π,
406 690 436 768 3,
457 690 496 754 41
528 675 655 754 Mirum
676 687 798 754 ecastor
820 687 850 750 te'
871 687 1000 751 seue'cta
1018 682 1023 768 Ι
1043 684 1147 750 a‘etate
1170 684 1217 765 of-

167 794 279 874 ficium
302 798 391 857 tuum

259 894 339 960 falso
370 895 521 976 Geppert.
550 893 669 960 scribit.
706 895 822 958 mirum
853 897 975 957 ecastor
1012 896 1058 955 est
1091 894 1217 953 seaecta

170 1002 276 1061 aetate
308 1002 337 1062 te
368 997 508 1078 officium
539 1002 648 1074 tuum;
678 995 786 1060 hiatus
818 995 901 1059 enim
923 994 955 1058 in
978 992 1113 1057 diaecesi
1137 991 1215 1056 nihil

169 1098 267 1164 habet
289 1099 476 1164 offensionis

256 1201 365 1282 Neque
396 1220 470 1266 vero
501 1201 617 1266 desunt
638 1200 715 1278 loci,
749 1200 864 1279 quibus
886 1198 1020 1264 Plautus
1042 1202 1089 1263 est
1110 1195 1216 1278 posuit

171 1303 261 1384 (iupt.
284 1323 313 1367 v.
336 1305 398 1369 818
420 1305 597 1384 mirumque
619 1303 728 1368 adeost
748 1303 785 1365 ut
806 1300 871 1366 Mil.
887 1321 915 1367 v.
931 1301 996 1366 354
1017 1302 1131 1367 totieus
1152 1320 1216 1363 mo-

169 1426 241 1469 uere
272 1407 418 1470 mirumst
444 1404 541 1470 Bach.
563 1423 592 1468 v.
617 1405 678 1469 178
700 1405 858 1470 Mirumst
884 1425 933 1468 me
963 1409 1000 1468 ut
1028 1404 1157 1468 redeam
1188 1407 1217 1466 te

170 1528 262 1588 opere
293 1512 382 1572 tauto
411 1529 564 1589 quaerere
596 1507 663 1571 Mil.
686 1525 714 1569 v.
736 1506 800 1570 418
829 1508 886 1573 sect
912 1507 1044 1587 facimus
1072 1505 1218 1572 mirumst

170 1631 231 1691 quo
259 1611 349 1675 modo
374 1612 498 1691 potuit,
526 1628 555 1675 v.
579 1610 640 1675 377
664 1609 787 1674 Deinde
815 1608 852 1674 cf.
883 1608 982 1690 Capt-
1006 1626 1035 1672 u.
1060 1606 1120 1670 188
1149 1626 1216 1670 uou

165 1711 224 1792 pol
245 1712 461 1777 mr'raudumst
481 1718 513 1775 et
536 1710 626 1776 Curc.
650 1731 678 1775 v.
701 1709 764 1777 265
786 1711 881 1776 Nilu'l
902 1716 949 1776 est
968 1710 1161 1786 mirandum,

255 1813 357 1895 Saepe
386 1814 547 1878 iuvenitur
578 1813 727 1895 pluralis:
761 1813 857 1877 Bach.
889 1833 917 1877 v.
939 1813 1005 1878 450
1024 1813 1108 1876 mira
1140 1815 1218 1875 suat

169 1918 205 1981 ar?
225 1915 479 1982 Pistoclerus-
497 1916 647 1994 coutatr't;
670 1916 786 1996 Amph.
808 1936 837 1980 v.
861 1916 940 1994 279;
963 1915 1034 1980 Cas.
1058 1914 1098 1990 ΙΙ,
1120 1914 1150 1993 2,
1173 1913 1216 1976 20

167 2020 251 2082 mira
266 2023 345 2083 suut
357 2039 433 2083 cera
455 2018 485 2084 sr'
500 2019 695 2100 praedicam
718 2017 799 2080 Men.
816 2038 844 2082 v.
862 2018 945 2082 1028
968 2018 1047 2099 qaut
1067 2018 1110 2080 sr't
1130 2017 1215 2080 mira

168 2125 264 2199 suut,·
287 2120 377 2200 Oapt
400 2140 429 2185 v.
453 2122 512 2184 791
537 2126 570 2185 et
592 2120 685 2185 Poen.
708 2120 762 2200 IV,
785 2118 814 2198 2,
838 2120 887 2185 17.

253 2222 343 2299 Quod
367 2223 394 2287 ei
415 2223 560 2288 videmus
582 2222 726 2302 exempla
755 2228 788 2287 et
818 2223 914 2303 positi
936 2229 968 2286 et
997 2220 1105 2286 omissi
1127 2219 1214 2284 verbi

167 2324 310 2402 inveniri,
341 2331 474 2406 apparet
497 2326 536 2387 de
558 2324 784 2388 exclamatione
807 2325 838 2388 in
861 2325 901 2389 iis
922 2323 1112 2399 enuntiata,
1145 2321 1214 2402 qui-

168 2426 228 2490 bus
267 2431 315 2491 est
344 2426 448 2507 deest,
489 2426 617 2491 minime
648 2444 718 2491 cum
750 2426 856 2491 Brixia
898 2445 967 2492 esse
1001 2425 1213 2506 cogitandum.

169 2528 211 2591 m
233 2528 475 2594 exclamationes
505 2533 580 2591 sunt
609 2528 747 2592 sermoni
775 2526 926 2592 familiari
956 2547 1015 2592 non
1038 2529 1085 2593 ita
1107 2533 1212 2608 aptae.

170 2629 278 2711 Neque
311 2631 357 2697 sic
378 2618 662 2709 intellegenda‘est
684 2630 811 2695 omissio
834 2633 865 2697 io
889 2631 1007 2697 talibus
1030 2629 1213 2708 enuntiatis,

170 2733 297 2811 quibus
319 2733 405 2814 apud
437 2732 562 2814 factum
596 2730 772 2812 perfectum
806 2734 966 2799 omittitur
999 2738 1051 2798 est.
1103 2731 1214 2796 Potest

170 2853 239 2899 esse
261 2834 449 2901 exclamatio
472 2833 559 2898 velut
581 2833 693 2898 Pseud.
710 2852 738 2899 v.
755 2835 826 2914 361,
850 2837 943 2901 Most.
960 2855 989 2899 v.
1004 2836 1068 2902 499
1088 2837 1213 2919 factum

168 2942 312 3017 optuma·
336 2936 434 3001 Stich.
456 2955 484 2999 v.
507 2934 588 3015 3753
612 2936 705 3017 Epid.
729 2956 757 3001 u.
775 2937 837 3002 209
859 2940 955 3002 ur’mis
975 2939 1099 3020 factum
1122 2937 1213 3016 beue,·

167 3038 264 3102 Baoh.
296 3057 324 3102 v.
359 3039 441 3103 1099
470 3037 545 3102 heae
574 3039 676 3104 terete
703 3039 827 3120 factum
856 3039 949 3104 Most.
979 3061 1008 3105 v.
1037 3040 1100 3104 459
1130 3039 1213 3104 mate

166 3141 268 3205 terete
288 3142 412 3222 factum
435 3158 533 3220 neque
556 3159 629 3206 vero
652 3141 814 3221 probabile
837 3150 895 3222 est,
919 3142 945 3207 si
960 3142 1104 3207 videmus
1126 3142 1212 3205 Trio.

166 3262 194 3307 v.
217 3242 282 3308 429
305 3243 451 3307 Factum.
501 3241 542 3309 Ut
572 3244 698 3324 quictem
718 3245 802 3309 illuct
828 3246 974 3326 perierit.
1018 3245 1156 3310 Factum
1177 3246 1213 3308 a

167 3352 334 3428 quoquest,
366 3345 420 3408 ubi
442 3346 473 3408 in
505 3345 613 3408 eodem
638 3364 730 3410 versu
760 3349 889 3428 ponitur
911 3353 1011 3412 estet
1033 3346 1210 3426 omittitur3

164 3454 197 3512 et
219 3447 271 3512 hic
293 3466 383 3513 nemo
405 3448 510 3530 potuit
531 3448 669 3512 scribere
690 3448 861 3529 factumst,
893 3448 968 3528 quia
991 3450 1082 3515 elisio
1105 3468 1211 3515 neces-

166 3550 251 3613 saria
274 3558 340 3625 est;
364 3568 463 3630 neque
484 3550 578 3615 Poen.
595 3571 623 3615 v.
643 3549 723 3615 1055
746 3556 781 3616 tu
802 3553 920 3616 mortui
940 3553 1041 3617 suut?
1072 3552 1212 3617 Factam

166 3653 250 3733 quod
272 3673 364 3734 aeqre
387 3652 447 3717 tutr'
469 3653 508 3717 de
531 3652 758 3718 exclamatione
780 3655 984 3734 cogitandum
1008 3659 1073 3733 est;
1096 3654 1210 3720 deiude
1238 3652 1241 3658 ’

165 3755 246 3818 Rud.
270 3773 298 3818 n.
324 3754 406 3818 1365
428 3754 520 3818 Beue
540 3755 692 3821 mehercle
712 3755 867 3837 factumst
887 3756 977 3821 uobis
1000 3757 1141 3822 ostendit
1166 3762 1213 3822 est

165 3856 253 3937 poni,
287 3874 476 3937 quamquam
507 3856 665 3937 particula
695 3857 902 3924 exclamative
931 3860 1027 3924 adsit.
1072 3860 1157 3924 Trio.
1180 3880 1209 3924 v.

168 3959 225 4024 127
256 3957 385 4022 Dectr'str'
412 3955 588 4040 arqeutum.
632 3958 771 4023 Factum
800 3982 901 4043 aeque
927 3961 1010 4043 faeti
1025 3965 1123 4046 piqet.
1167 3963 1210 4027 Et

165 4060 261 4124 etiam
284 4061 385 4140 magis
416 4080 454 4125 ex
477 4061 557 4126 Rud.
579 4080 608 4127 v.
631 4060 693 4126 892
716 4061 807 4127 Beue
832 4064 957 4146 factum
987 4070 1018 4129 et
1046 4065 1142 4147 ootup
1165 4071 1210 4131 est
