2768 4710
587 298 799 365 -71-

168 468 215 533 od
245 468 369 534 Mariis
398 471 482 534 miro
509 469 672 550 proluvies
707 469 769 534 noli
798 468 963 550 dubitare,
995 470 1072 553 quin
1105 469 1215 536 cicero

171 571 336 652 scripserit
358 573 414 654 qni
440 570 578 636 Casilini
600 575 630 635 et
655 570 802 637 Oolotioo
823 571 939 637 omisso
960 576 1038 637 snat
1058 571 1185 639 verba·
1315 572 1318 577 ’

255 673 316 737 Hie
338 674 433 739 etiarn
451 691 694 739 commemorare
716 672 795 737 mihi
816 673 912 739 liceat
934 673 1010 739 Hor.
1033 672 1099 739 Sat
1122 673 1164 753 11,
1186 675 1216 754 3,

168 775 211 840 32
232 777 343 841 inanis
374 781 404 840 oi
433 780 468 840 lo
499 774 649 856 stultique
676 795 776 856 prope
808 797 913 841 omues
944 776 985 856 ΙΙ,
1020 777 1047 854 1,
1070 776 1109 840 67
1140 797 1218 842 anm

168 877 303 943 Laelius
332 883 390 944 out
419 879 476 961 gni
506 914 545 922 —
576 877 711 961 Ingenio
741 878 855 959 offensi
884 883 943 943 not
971 878 1056 943 loeso
1089 878 1216 944 doluere

168 980 323 1045 Metello?
357 984 383 1059 1,
399 982 429 1059 9,
450 981 489 1045 69
509 980 600 1045 hodie
618 981 777 1046 tricesimo
795 980 943 1058 sabbaim
964 980 989 1059 1,
1008 980 1057 1061 10,
1072 981 1110 1044 31
1139 983 1216 1064 Qni-

167 1083 261 1148 iians
282 1082 361 1148 Post
377 1085 513 1149 medinm
531 1087 652 1147 noolem
673 1084 769 1161 nune,
793 1103 863 1148 olan
885 1084 1009 1148 sunnio
1030 1104 1115 1147 ooro.
1156 1084 1215 1151 Pe·

168 1189 249 1249 tron.
270 1204 301 1266 p.
324 1187 375 1264 36,
398 1186 437 1251 27
469 1186 544 1250 leae
573 1205 630 1249 roos
661 1185 825 1262 habentne,
859 1190 896 1250 ol
922 1186 977 1250 isli
1003 1207 1125 1269 nugae,
1158 1189 1214 1269 qni

170 1288 226 1353 tibi
254 1309 320 1352 noa
349 1290 525 1373 imperant,
559 1285 631 1352 aliis
663 1287 757 1351 locis:
786 1288 837 1367 35,
868 1289 898 1368 6,
929 1287 980 1366 23,
1011 1288 1063 1352 32.
1107 1287 1215 1356 Senes.

170 1390 326 1471 apocoloa.
350 1390 369 1472 ξ
393 1393 409 1456 1
433 1391 511 1456 loeo
531 1391 580 1455 ito
601 1410 678 1454 vero
692 1389 721 1470 ¹)

254 1492 345 1557 Nune
378 1499 575 1558 transeamus
604 1492 646 1558 ad
683 1491 771 1555 aliud
800 1509 900 1572 genus
934 1490 1149 1572 exemplorum
1182 1496 1215 1556 et

169 1593 357 1675 incipiamus
378 1614 399 1658 a
422 1612 523 1673 versu,
545 1594 600 1674 qni
623 1594 800 1675 estmagni
823 1593 989 1658 momenti:

252 1697 340 1762 Asin.
363 1717 391 1761 v.
416 1695 478 1760 196
506 1695 567 1763 Ubi
590 1695 700 1774 illaec,
730 1717 813 1777 gone
839 1697 913 1760 <leoli
937 1695 1036 1760 oum?
1057 1714 1081 1760 z:
1103 1695 1217 1761 Abuso

168 1820 244 1863 nom
266 1801 295 1864 oi
317 1821 355 1864 eo
377 1800 535 1865 ‹iterareul
556 1798 633 1875 milei
986 1854 992 1863 .

253 1901 305 1966 hie
328 1920 427 1982 neque
450 1902 481 1967 in
506 1900 754 1983 interrogatione
776 1919 877 1981 neque
906 1901 937 1964 in
961 1917 1109 1980 responso
1131 1900 1214 1981 posi·

169 2007 236 2066 tum
268 2008 318 2068 est
341 2005 470 2070 verbnm
501 2003 744 2069 substantivum.
787 2001 941 2071 Videmus
973 2002 1071 2082 igitur
1093 2022 1132 2067 ex
1154 2002 1213 2068 hoo

168 2105 310 2187 exemplo
331 2105 588 2185 luculentissime,
611 2123 705 2184 qnam
729 2121 789 2168 non
814 2122 938 2171 neeesse
961 2105 1002 2169 sit
1025 2109 1072 2169 ost
1093 2104 1215 2171 insera-

167 2211 218 2270 tur
241 2208 273 2270 in
296 2201 463 2289 responsis
478 2209 517 2272 iis
539 2207 634 2287 loeis,
657 2206 771 2288 quibus
793 2207 826 2270 in
850 2205 1099 2286 interrogatione
1122 2212 1212 2273 ante·

168 2309 263 2387 cedit,
285 2310 372 2375 velut
396 2311 483 2377 Pers.
500 2331 528 2376 v.
545 2311 607 2377 644
634 2307 827 2394 Ooptnsaest
842 2307 963 2389 poter?
985 2307 1061 2373 Non
1084 2314 1214 2391 coptum

167 2412 224 2477 sed
245 2414 329 2495 qnod
350 2414 461 2479 holuit
478 2413 624 2495 perdidit
645 2411 680 2474 R„
705 2416 833 2492 copiosi

252 2514 328 2580 Post
349 2516 404 2581 nbi
425 2516 582 2581 omittitur
603 2518 680 2579 sont
700 2513 796 2577 etiam

252 2617 323 2680 Men
354 2638 382 2683 v.
398 2617 461 2683 278
481 2618 558 2682 Noa
573 2617 675 2682 torale
692 2635 782 2680 ono:
804 2635 827 2679 z:
857 2613 917 2682 Ulnl
932 2617 1080 2680 conanae
1096 2617 1213 2682 aeteri?

253 2718 306 2783 nbi
330 2719 438 2784 hiatus
459 2738 613 2800 personae
636 2725 778 2784 mutatae
801 2717 999 2798 aliquantum
1021 2717 1149 2799 impulit
1169 2720 1211 2784 ad

168 2823 364 2886 mutandum.
409 2822 450 2885 Et
465 2823 502 2886 R.
526 2830 558 2886 et
573 2821 717 2887 Mueller.
740 2820 966 2887 desiderabant
987 2825 1064 2885 snat
1077 2822 1211 2902 seripse-

167 2929 303 3004 runtqne
326 2925 392 3015 (oli
413 2916 511 2989 sonl'.
549 2925 729 2991 Posteriora
743 2930 850 2989 antem
873 2928 1015 3003 tempore
1029 2924 1066 2987 R.
1083 2923 1212 3004 scripsit

165 3028 278 3090 varod:
314 3034 482 3107 utrumque
513 3026 683 3105 inutiliter;
726 3044 785 3089 non
819 3025 901 3089 enim
933 3023 1041 3088 hiatus
1069 3025 1210 3104 offendit,

165 3144 267 3191 sermo
289 3136 338 3192 est
359 3130 491 3211 integer,
513 3130 597 3210 qnod
621 3135 756 3210 apparet
778 3146 816 3193 ex
832 3125 887 3190 illo
905 3127 990 3191 Asin.
1008 3146 1101 3192 versu
1121 3134 1154 3194 st
1172 3147 1210 3192 ex

249 3229 328 3293 Eun.
361 3230 415 3308 IV,
439 3232 467 3308 7,
492 3232 544 3294 10:
582 3229 642 3297 Ubi
664 3231 747 3296 olii?
792 3229 855 3310 Qui
880 3228 999 3293 molum
1021 3230 1102 3295 olii?
1124 3229 1210 3295 solos

165 3329 289 3397 Sannio
310 3338 417 3398 serool
437 3335 521 3398 domi
533 3335 561 3413 2)

235 3579 260 3633 1)
279 3575 354 3633 Verg.
372 3576 434 3622 Aen.
453 3577 485 3635 X,
506 3579 553 3623 286
580 3576 643 3623 ultro
669 3589 821 3622 ooeurromoa
847 3575 882 3620 od
906 3573 1010 3631 undum,
1036 3573 1099 3619 Dum
1122 3572 1212 3632 trepidi

163 3660 309 3720 epreaniaqne
337 3661 420 3707 lolam
445 3662 545 3720 ocatipn'a
563 3662 664 3720 poium
689 3660 773 3718 Georg
790 3661 835 3718 111,
861 3664 909 3708 165
936 3660 999 3706 Dum
1016 3659 1110 3720 jooileo
1134 3660 1212 3707 animi

164 3747 280 3805 iuvenum,
300 3747 354 3792 dnm
371 3745 466 3793 mobilia
482 3754 550 3793 aetna
559 3763 569 3806 ,·
593 3746 666 3794 Ovid.
684 3747 748 3793 Med.
768 3747 802 3806 11,
823 3747 871 3794 750
888 3745 969 3792 nullae
986 3746 1012 3791 iu
1021 3744 1107 3805 fronte
1122 3746 1208 3804 minoe,

159 3847 245 3892 poesin
271 3833 346 3878 milam
372 3831 457 3891 laben
484 3834 557 3892 Prop.
576 3833 606 3889 V,
627 3836 649 3891 1,
676 3833 723 3878 135
741 3839 767 3877 ot
791 3837 816 3876 tu
836 3831 901 3890 finge
919 3830 1007 3889 eleyon,
1028 3829 1114 3891 follae
1130 3844 1208 3891 epau

164 3919 223 3964 haee
241 3925 283 3963 tun
302 3924 400 3976 caetrn;
417 3919 460 3976 lv,
480 3919 504 3975 δ,
524 3919 537 3961 2
558 3925 596 3963 ant
612 3918 738 3963 uillicum
756 3916 853 3962 domino
864 3916 961 3975 proelia
978 3914 1041 3962 darn
1056 3930 1115 3961 meo.

234 4000 259 4068 2)
278 4001 352 4064 Prop.
371 4004 416 4061 IV,
437 4009 475 4061 11,
496 4003 527 4053 til
547 4002 617 4049 Nono
635 4001 676 4048 ubi
693 4000 824 4067 Serpiodoa
842 4002 944 4060 decano,
969 4000 1010 4048 ubi
1026 4001 1095 4061 eipm
1112 3999 1210 4048 domiui

163 4091 212 4136 Ana
227 4088 297 4136 modo
314 4088 427 4149 Pompeio
445 4088 550 4146 Bosporo
568 4095 640 4147 capta
656 4087 747 4134 monol
