2790 4988
587 302 800 370 ..30-

167 473 249 538 sciis
272 473 386 551 locati,
417 474 534 539 omisso
557 475 632 538 estis
654 474 759 539 verbo.
795 473 895 539 Estne
916 477 1023 537 antem
1047 493 1080 537 cs
1100 471 1227 539 formae

166 574 338 656 singularis
358 576 469 639 durior
490 575 627 656 omissio,
650 594 744 657 qnam
768 576 844 640 estis
867 574 1025 655 pluralis?
1058 575 1226 640 Accedunt

167 682 200 740 et
221 677 306 740 inter
327 694 361 741 se
384 676 576 743 defendunt:

251 777 334 843 Men.
356 797 384 843 v.
402 780 462 843 177
486 801 534 857 eu,
557 781 702 862 expedite
722 780 910 861 fabulatus:
930 781 997 843 ium
1017 779 1101 860 ferio
1120 780 1224 860 foris‚·

166 880 253 946 Pers.
276 901 304 946 v.
326 881 391 947 462
420 902 512 965 eaqe,
542 887 719 947 exornatus
740 882 887 960 basilium
915 900 944 946 u.
966 880 1029 946 667
1053 903 1102 959 ca,
1119 901 1224 963 praa-

166 983 263 1048 cacas
277 983 394 1064 proin

252 1084 318 1148 Mil.
340 1105 369 1150 v.
391 1085 469 1150 285:
499 1085 640 1167 Edepol,
663 1084 824 1165 Sceleolrc,
853 1087 943 1152 loram
963 1091 1103 1151 sectatus
1123 1085 1224 1151 citui
1326 1094 1328 1099 '

167 1207 306 1269 aequum
327 1187 477 1252 bestium!

250 1291 359 1355 eodem
381 1289 467 1368 iure,
498 1288 614 1370 quoii,
637 1289 691 1369 qni
713 1291 777 1354 ·u’s
797 1291 1001 1371 scripserunt,
1023 1310 1057 1353 es
1078 1289 1214 1355 verbnm

167 1391 449 1472 desideraverunt,
478 1393 644 1472 qnisquam
675 1409 802 1456 censere
824 1393 966 1473 potuerit
994 1392 1045 1457 hic
1067 1396 1115 1455 cst
1135 1391 1221 1454 exei-

167 1493 262 1558 disse.
306 1492 394 1557 Nihil
416 1499 523 1558 antem
538 1492 675 1558 excidit:
698 1493 744 1557 sic
759 1494 872 1558 Latine
887 1493 1116 1573 loquebantur;
1139 1511 1219 1558 nam

166 1596 319 1661 habemus
341 1597 437 1661 etiam

252 1698 347 1762 Titin.
362 1699 422 1777 ing.
437 1697 479 1761 48
501 1697 629 1779 Edepol
641 1698 777 1761 hominis
789 1698 900 1781 iqauoi
919 1699 1053 1779 functas
1066 1698 1220 1779 officiam.

252 1806 285 1864 et
306 1799 405 1864 Haut.
427 1820 456 1865 v.
479 1801 543 1866 580
577 1798 733 1881 Clitipho,
765 1800 843 1865 lucc
874 1822 928 1883 eqo
944 1801 1114 1881 procopio
1137 1801 1221 1866 uti?

251 1901 401 1968 Hominis
421 1903 512 1987 fraqi
533 1891 564 1968 ot
585 1904 791 1985 temperantis
811 1903 946 1984 functus
968 1903 1117 1984 officium.

252 2003 305 2068 Sic
331 2005 414 2068 enim
441 2005 470 2068 A
498 2003 596 2070 habet
625 2023 696 2069 cnm
729 2003 907 2083 BODEFP3
939 2006 1025 2083 quod
1055 2004 1085 2069 G
1115 2005 1219 2072 habet

164 2110 327 2190 functam,
356 2105 474 2170 misera
503 2108 685 2173 coniectura
714 2111 772 2171 est.
817 2106 927 2186 Neque
957 2125 1032 2172 vero
1064 2128 1096 2171 es
1118 2108 1220 2172 inseri

166 2209 278 2288 debet,
301 2227 373 2274 nam
396 2208 563 2273 omissione
585 2213 720 2292 angetur
743 2207 920 2290 indignatio
942 2208 1109 2288 dolorque,
1133 2228 1219 2290 qnae

167 2311 227 2376 hoc
247 2330 342 2376 versu
364 2328 512 2390 expressa
533 2316 608 2376 sunt
630 2313 713 2377 sicut
736 2311 832 2377 etiam

251 2415 336 2477 Men.
358 2432 387 2478 v.
412 2412 472 2476 178
495 2413 590 2477 Mille
599 2435 759 2495 passuum
775 2418 984 2478 commoratus
1006 2415 1222 2479 continuasse!

250 2516 349 2578 Aliud
379 2515 617 2580 exclamationis
649 2534 749 2598 genus
771 2520 836 2594 est,
868 2516 895 2580 si
925 2516 1118 2581 adiectivnm
1149 2515 1221 2581 sine

167 2639 200 2684 es
230 2617 327 2683 verbo
359 2617 498 2698 ponitur.
541 2617 585 2681 Ut
615 2617 699 2683 enim
732 2617 871 2681 breviter
904 2617 1022 2681 dicitnr
1056 2617 1153 2682 Bach.
1188 2637 1219 2684 v,

168 2722 230 2787 639
253 2720 390 2804 Neque!
419 2719 504 2783 Trin.
526 2739 555 2784 v.
579 2719 642 2784 760
667 2718 812 2783 Gerros!
845 2720 944 2783 Andr.
969 2739 997 2782 v.
1020 2721 1083 2783 224
1105 2717 1230 2785 Fabu-'

168 2824 240 2888 lae!
260 2829 293 2888 et
309 2823 396 2905 apud
412 2820 524 2886 Horat.
541 2821 606 2886 Sat.
622 2822 646 2895 1,
669 2823 698 2897 9,
711 2821 752 2885 28
775 2821 921 2886 Felices!
942 2842 1030 2886 auno
1046 2842 1100 2904 eqo
1114 2827 1219 2901 ucsto;

168 2930 205 2989 ut
226 2925 360 3007 legimus
381 2924 473 2988 Adel
495 2944 525 2988 v.
540 2923 603 2986 403
624 2925 742 2987 mcum
764 2923 891 2987 Phorm.
914 2944 942 2989 v.
959 2925 1021 2988 912
1042 2923 1220 2988 ridiculam

167 3026 245 3092 Hec.
267 3047 296 3093 v.
318 3027 383 3090 424
412 3027 570 3103 odiosam,
602 3030 699 3106 atquc
729 3025 825 3089 etiam
855 3026 941 3106 apud
963 3026 1143 3090 Ciceronem
1175 3030 1219 3093 ari

167 3131 235 3195 Aet.
251 3130 307 3208 lx,
321 3130 368 3207 2³,
392 3131 406 3192 1
433 3128 683 3210 supplicandum
696 3127 821 3210 iqitur?
851 3129 1001 3192 miseram
1016 3134 1048 3192 et
1063 3145 1219 3208 persaepe

167 3233 213 3297 sie
233 3236 361 3314 quntum
383 3231 520 3311 ponitur,
551 3229 639 3295 velut
661 3232 703 3294 ad
725 3231 793 3294 Att.
816 3229 888 3309 XII,
911 3231 963 3308 30,
987 3231 1004 3293 1
1028 3229 1219 3310 similiaque,

167 3337 208 3399 ad
232 3352 313 3414 qnae
335 3340 447 3414 postea
464 3333 651 3417 redibimus,
673 3333 719 3397 sic
741 3333 918 3397 invenimus
1044 3338 1047 3343 '

251 3437 337 3501 Pers
360 3455 389 3500 v.
412 3435 475 3500 285
496 3435 544 3499 Ac
565 3455 630 3498 mou
660 3456 730 3498 sum
751 3436 800 3498 aa
821 3439 859 3498 ut
880 3439 915 3498 lu
936 3436 1060 3518 quallis.
1083 3454 1104 3498 z:
1132 3431 1219 3498 (loa-

165 3541 278 3621 fidens.
302 3559 325 3602 :z
350 3537 429 3603 Sam
449 3537 553 3602 tacte
574 3559 663 3615 cero,
698 3537 752 3602 ubi
775 3537 903 3618 quidem
926 3556 1017 3602 nemo
1040 3537 1145 3601 adhuc
1168 3537 1218 3601 in·

166 3642 268 3707 seruit
290 3662 322 3705 cs
344 3640 392 3704 ita
413 3643 450 3703 nt
474 3641 644 3720 confidca’s
665 3640 835 3718 scriberem
870 3641 925 3704 sed
949 3640 1002 3705 hic
1024 3658 1094 3704 esse
1118 3642 1218 3721 coafi-

167 3744 246 3807 ceos
273 3742 357 3807 idern
388 3744 473 3823 quod
504 3744 664 3824 conficiens
685 3763 719 3806 cs
749 3741 998 3807 luculentissime
1019 3747 1155 3823 apparet
1178 3762 1220 3807 ex

167 3844 273 3909 verbis
295 3844 500 3923 sequentibus
521 3865 592 3909 sura
612 3844 715 3908 hercle
736 3865 818 3908 occo.
860 3844 945 3908 Illud
969 3866 1002 3909 es
1023 3863 1218 3926 quamquam

167 3962 229 4008 non
261 3947 421 4025 videmus
450 3950 557 4010 tamen
588 3946 691 4009 inerat
723 3947 830 4011 sensui
852 3946 967 4010 Latino
990 3946 1021 4009 in
1045 3947 1219 4028 confidens.

167 4045 220 4111 Sin
253 4055 360 4114 autem
393 4048 453 4112 hoc
483 4048 662 4127 exemplum
696 4049 855 4131 integrum
882 4048 1059 4128 relinquere
1097 4048 1219 4114 debunt
