2768 4710
526 321 738 387 ..47-

107 495 219 557 tuetur
240 490 348 557 Muell.
371 490 460 555 Pros.
484 512 514 572 p.
538 491 597 571 90;
629 491 666 556 cf.
689 492 817 557 Lachm.
850 493 892 556 ad
912 491 1006 557 Lucr.
1029 512 1059 573 p.
1086 491 1155 557 195.

107 594 178 659 Hoc
199 613 326 676 quoque
347 594 418 659 loco
440 596 504 659 -o’s
525 594 636 674 procul
659 594 858 659 abiciendum
881 602 937 659 est.

193 698 280 763 Asin.
303 718 331 762 v.
354 697 418 761 333
442 695 523 760 Tam
543 696 643 781 iyiier
665 698 700 761 m
723 697 808 761 olive's
830 718 863 761 es
882 696 1014 779 focius?
1059 697 1156 761 Milic

194 900 276 966 hanc
290 902 444 965 traditam
458 902 624 967 lectionem
634 899 775 965 defendit
790 899 932 965 Mueller.
948 900 968 964 l.
982 920 1007 965 s.
1022 920 1045 965 s
1060 922 1090 983 p.
1101 902 1156 966 49:

109 1004 210 1081 dices,
250 1022 352 1085 neque
382 1023 457 1069 vero
496 1022 566 1068 eum
596 1002 748 1068 Fleckeis.
777 1004 897 1084 fociu’s
927 1003 1022 1068 scribi
1054 1004 1158 1084 debet,

107 1125 203 1189 quam
225 1104 360 1170 formam
382 1107 503 1187 ignoro.
536 1104 664 1169 Mallem
685 1109 754 1168 tum
776 1105 914 1171 scribere
937 1107 1023 1171 diues
1042 1106 1152 1188 foetos

107 1227 181 1273 nam
211 1208 379 1273 habuimus
411 1207 590 1289 exemplum
618 1211 653 1271 to
684 1206 794 1288 facias
833 1206 929 1272 verbo
963 1228 995 1272 es
1025 1211 1150 1274 omisso.

197 1309 311 1391 Amph.
334 1329 362 1374 u.
385 1310 449 1375 583
479 1309 630 1375 Fleckeis.
660 1310 787 1389 quidem
815 1309 944 1374 scribit:
967 1348 1008 1355 -
1029 1310 1077 1375 Ac
1104 1333 1159 1396 eqo

196 1412 335 1477 Faciam
357 1417 386 1476 te
406 1413 499 1477 bodie
520 1411 659 1494 proinde
680 1415 718 1474 mi
737 1413 893 1490 meriiu’s,
916 1418 953 1477 ei
973 1414 1080 1478 mines
1101 1434 1157 1478 oe-

109 1516 178 1581 leas
200 1521 231 1581 et
250 1517 346 1580 miser
367 1517 412 1580 sis

196 1618 253 1681 sed
274 1616 425 1681 hocloco
446 1617 599 1681 recedunt
620 1616 759 1680 editores
781 1617 828 1680 ita
850 1637 869 1681 a
891 1618 1011 1682 tradita
1025 1618 1159 1684 lectione

109 1725 145 1785 et
166 1739 315 1785 versuum
338 1719 508 1794 divisione,
531 1723 567 1781 ut
590 1737 627 1781 ex
648 1718 708 1782 hoc
730 1737 824 1783 versu
846 1720 924 1783 mibi
946 1720 1074 1785 obtrudi
1096 1723 1160 1786 -o’s

107 1841 173 1887 non
194 1822 316 1902 patiar3
340 1823 397 1886 sed
418 1821 506 1903 apud
527 1821 659 1885 meritas
680 1819 857 1902 perfectum
880 1822 985 1886 omitti
1006 1841 1102 1903 posse
1124 1845 1158 1888 es

108 1944 211 2006 supra
232 1924 428 1988 ostendimus
451 1922 603 2004 exemplis
626 1923 670 2003 (p.
695 1924 759 2005 21).

196 2026 283 2091 Pers.
306 2046 334 2091 v.
357 2026 421 2090 484
441 2023 516 2088 lem
537 2024 650 2089 liberio
671 2025 811 2090 uectae?
833 2046 856 2090 ::
878 2026 1004 2093 Enicas

196 2131 242 2194 sic
263 2127 360 2192 habet
381 2129 409 2191 A
431 2128 608 2191 rectissime
638 2132 670 2191 et
692 2128 858 2208 aptissima
880 2135 929 2193 est
951 2131 1030 2194 haec
1051 2131 1157 2196 brevis

107 2232 334 2312 interrogatio;
357 2229 471 2311 reliqui
493 2228 580 2293 libri:
603 2233 719 2293 umcms
741 2251 774 2294 es
794 2228 875 2294 falso
898 2252 930 2295 es
953 2233 1071 2297 addito.

200 2332 289 2398 Cure.
303 2353 331 2396 v.
345 2332 407 2397 708
424 2331 559 2412 demdo
575 2331 624 2395 cir
638 2331 738 2396 bemus
753 2332 794 2411 es,
808 2335 973 2414 responde,
989 2337 1073 2416 quod
1083 2356 1158 2418 roeo

199 2455 260 2499 non
282 2452 410 2499 necesse
432 2439 482 2498 est
504 2452 575 2498 cum
597 2432 730 2498 Goetzio
752 2433 911 2500 scribatur
933 2437 1049 2501 bomm’s.

201 2537 316 2602 Pseud.
339 2557 367 2600 v.
392 2537 473 2601 llll
500 2537 585 2617 Quid
607 2536 683 2601 ais?
711 2541 786 2601 imme
808 2539 904 2602 eliam
926 2540 1066 2604 cubitare
1087 2539 1162 2604 soli-

116 2641 224 2704 iusim
247 2641 338 2704 coms
358 2637 463 2720 puer?

197 2743 309 2806 solitus
329 2740 465 2805 habetO
487 2744 588 2819 recte:
610 2740 725 2821 reliqui
745 2742 858 2807 solitos
872 2764 904 2807 es
919 2747 1016 2825 atque
1031 2764 1058 2809 v.
1078 2746 1159 2811 1178

113 2845 266 2909 Eb'omme
286 2844 395 2926 fucere
417 2843 529 2907 solitos
552 2844 584 2906 is
606 2845 676 2907 seio
698 2844 778 2925 quid
799 2844 925 2926 loquor,
959 2865 1067 2911 omnes
1089 2846 1163 2912 libri

114 2946 233 3011 habent
259 2968 307 3025 es,
336 2947 421 3027 quod
443 2946 540 3010 etiam
562 2946 669 3010 versui
691 2953 740 3010 est
761 2949 973 3011 necessarium
996 2949 1042 3012 ita
1064 2954 1102 3013 ut
1123 2969 1161 3012 ex

114 3049 175 3113 hoc
196 3067 291 3112 versu
313 3069 345 3112 es
367 3049 399 3111 in
421 3048 560 3128 priorem
576 3066 610 3111 se
631 3049 809 3113 insinuasse
822 3050 977 3114 videatur.
1010 3050 1069 3114 Illo
1091 3051 1161 3115 loeo

116 3158 222 3216 autem
244 3150 268 3216 O
291 3151 430 3215 codicem
452 3150 542 3231 sequi
563 3169 625 3213 non
655 3169 779 3228 vereor,
814 3170 915 3232 neque
937 3152 1019 3215 enim
1042 3174 1074 3217 es
1095 3153 1160 3234 syl-

116 3253 190 3317 laba
212 3273 231 3317 a
253 3272 346 3318 versu
365 3251 520 3317 toleratur
543 3257 576 3316 et
590 3254 652 3317 iam
674 3253 843 3318 habuimus
865 3253 962 3318 Bach.
979 3254 1020 3318 93
1044 3255 1088 3335 (p.
1104 3254 1160 3338 31)

117 3355 308 3437 exemplum,
349 3356 404 3420 ubi
433 3356 465 3420 in
496 3355 611 3420 Vetere
643 3376 675 3419 es
704 3354 786 3420 falso
817 3361 866 3420 est
895 3357 1159 3436 suprascriptum.

115 3458 259 3540 Denique
290 3459 375 3539 apud
414 3458 525 3522 solitos
553 3456 729 3537 perfectum
758 3460 868 3524 deesse
906 3476 1000 3539 posse
1029 3458 1160 3523 verbum

117 3560 351 3626 substantivum
380 3560 433 3625 hic
470 3561 638 3624 ostendere
670 3560 749 3624 mihi
783 3560 880 3625 liceat
913 3561 964 3625 his
993 3560 1162 3642 exemplis:

118 3664 194 3728 Hor.
218 3663 283 3728 Sat.
305 3663 348 3743 Π,
373 3666 400 3742 1,
423 3664 465 3727 74
497 3662 551 3727 abi
581 3683 614 3726 se
644 3667 809 3727 remorant
835 3664 955 3747 moueri
975 3664 1060 3727 solidi
1080 3663 1160 3727 Eun.

119 3766 184 3831 Sat.
207 3767 247 3846 X,
279 3766 448 3846 Quaeram
476 3766 513 3829 im
544 3765 650 3846 scirpo
686 3765 773 3829 soliti
800 3765 884 3846 qood
913 3766 1016 3831 dicere
1044 3767 1162 3830 modum

119 3869 195 3933 Hor.
219 3869 284 3933 Sat.
307 3869 349 3948 II,
371 3869 402 3948 3,
425 3868 487 3932 144
512 3867 656 3949 Opimius
684 3868 871 3948 quicelmus
893 3872 1009 3949 potore
1028 3869 1109 3932 Rud.
1132 3888 1160 3933 v.

122 3972 204 4036 1075
227 3970 265 4036 Si
292 3971 347 4036 iiic
369 3975 398 4036 te
421 3971 623 4052 comprimere
652 3970 781 4047 solitos,
812 3969 863 4032 bic
892 3989 951 4034 reos
971 3975 1162 4034 austeram

119 4073 180 4139 soli
210 4073 303 4137 Titin.
335 4073 394 4155 irg.
424 4073 465 4137 28
490 4071 592 4138 Temo
620 4073 719 4138 istaec
740 4076 795 4150 esi,
824 4093 891 4136 mom
918 4094 1013 4155 equo,
1043 4074 1097 4138 obi
1128 4079 1162 4138 tm
