2768 4710
597 315 788 380 ..9-

165 502 227 546 non
249 488 323 563 post
346 483 405 547 la?
447 483 576 549 Minime
607 489 713 550 autem
744 480 917 567 quidquam
950 487 1137 550 mutandum
1168 488 1218 550 est
1261 521 1262 524 π

165 586 222 649 sed
244 586 507 667 acquiescendum
525 587 557 650 in
580 588 710 651 traditis
732 589 908 669 scripturis

255 687 345 751 Adel.
370 707 397 751 v.
422 687 483 752 957
515 688 659 770 Spengel.
683 695 715 754 et
736 690 782 754 Fl.
813 690 902 754 nulla
932 709 1030 754 causa
1056 689 1216 770 probabili

167 791 366 870 scripserunt
387 792 581 872 permeaa’s,
603 811 677 856 nam
699 793 738 872 D,
761 811 854 873 quem
877 793 1015 858 codicem
1038 792 1090 873 Sp.
1115 793 1219 874 sequi-

168 898 240 972 tur,
263 891 377 958 habet:

254 993 352 1058 Noae
383 999 418 1058 ta
449 1015 621 1077 permeans
644 999 774 1078 9000060
803 999 911 1062 naimo
933 1002 965 1062 et
986 1017 1115 1078 corpore

254 1116 316 1179 quo
331 1095 412 1161 nihil
434 1101 485 1161 est
508 1099 644 1177 rectius;
668 1100 726 1164 sed
741 1098 840 1164 GEF:
862 1119 950 1164 acac
966 1104 1001 1164 ta
1015 1099 1094 1164 mibi
1108 1120 1140 1164 es
1152 1097 1220 1164 Bc:
1260 1141 1266 1156 ·

168 1220 256 1264 abac
286 1204 322 1264 ta
344 1219 376 1262 es
397 1199 484 1277 mibi,
506 1201 590 1266 unde
604 1200 772 1282 Umplenb.
796 1203 841 1266 sic
863 1200 981 1265 format
1002 1202 1128 1265 initium
1150 1219 1221 1266 ver-

169 1322 241 1366 sus:
264 1301 442 1365 nonrmlli
461 1322 492 1365 es
509 1323 689 1385 permeans,
706 1305 791 1385 quod
807 1308 894 1390 recte
913 1322 948 1367 se
961 1303 1078 1367 habere
1098 1307 1221 1383 potest:

169 1405 216 1469 Fl.
238 1409 344 1468 autem
358 1400 439 1466 falso
462 1404 592 1484 scripsit
607 1425 695 1470 acac
717 1406 794 1470 mibi
807 1406 997 1489 permaaa's,
1020 1406 1222 1486 nequeenim

170 1529 203 1572 es
226 1508 258 1571 in
280 1505 346 1570 ullo
369 1504 476 1569 codice
508 1512 583 1587 post
605 1507 686 1571 illud
707 1507 896 1572 vocabulum
918 1506 1078 1571 invenitur
1099 1511 1133 1571 et
1155 1526 1221 1571 om-

170 1610 245 1673 nino
268 1608 422 1672 inusitata
452 1614 501 1671 est
528 1609 607 1675 haec
639 1609 823 1674 collocatio:
859 1609 940 1674 Sane
970 1608 1143 1689 lugendum
1167 1614 1224 1688 est,

171 1712 257 1792 quod
279 1727 423 1774 caremus
445 1710 590 1776 Bembini
612 1713 805 1792 testimonio,
828 1730 901 1776 nam
919 1709 1049 1775 difficile
1071 1716 1120 1775 est
1142 1711 1225 1775 diiu-

172 1815 291 1891 dicatu,
314 1816 422 1875 utrum
451 1814 480 1876 D
510 1814 748 1896 anteponendus
781 1815 824 1878 sit
857 1834 897 1878 an
919 1812 1011 1877 GEF.
1036 1814 1099 1877 -a’s
1129 1830 1222 1894 syna-

171 1916 306 1996 loephae
327 1913 380 1977 hic
403 1920 488 1979 certe
509 1917 631 1981 nullum
653 1920 761 1982 exstat
782 1917 960 1997 vestigium.

260 2017 334 2081 Dec.
356 2015 434 2079 Lab.
459 2015 519 2098 ing.
543 2019 598 2083 28:
630 2038 717 2083 0000
740 2023 775 2083 ta
798 2018 902 2083 lectas
925 2039 965 2094 ee,
988 2037 1075 2081 aeae
1101 2020 1136 2081 ta
1157 2037 1227 2081 sns-

174 2142 234 2204 906
276 2120 376 2199 deque
405 2119 474 2199 fers
503 2119 655 2186 Fleckeis.
688 2121 833 2201 scripsit:
863 2148 888 2180 v
920 2121 1008 2184 redae
1038 2124 1073 2183 ta
1104 2118 1226 2197 leatab,

173 2242 269 2288 abac.
306 2220 419 2286 Nonne
441 2221 552 2286 eodem
573 2223 643 2289 iure
666 2224 812 2288 contendi
835 2226 952 2303 potest,
976 2241 1008 2284 es
1030 2219 1112 2284 falso
1137 2221 1228 2284 addi-

174 2332 242 2390 tum
262 2342 332 2389 esse
354 2322 456 2400 abeo,
479 2325 534 2404 qui
550 2326 680 2406 ignarus
699 2329 784 2390 esset
802 2343 879 2390 usus
896 2324 1059 2400 sermonis,
1082 2322 1132 2387 vel
1156 2339 1227 2386 cum

175 2427 338 2507 Scaligero
360 2424 562 2490 scribendum
586 2447 671 2493 esse:
695 2449 782 2492 abac
805 2427 910 2491 leatus
932 2446 964 2489 es
988 2431 1023 2489 lu
1045 2424 1114 2489 vel:
1137 2443 1226 2488 0006

174 2532 234 2594 ta’s
257 2525 387 2594 leatus?
430 2525 518 2592 Nihil
541 2532 619 2594 certi
641 2531 681 2595 de
704 2530 763 2596 tali
792 2529 972 2611 fragmento
995 2524 1149 2591 affirmari
1170 2546 1227 2607 po-

176 2637 256 2711 test,
287 2635 325 2694 ut
356 2628 451 2693 etiam
482 2631 637 2696 incertum
660 2634 720 2713 sit,
749 2651 825 2697 num
848 2636 934 2696 reete
956 2629 1106 2694 Ribbeck.
1137 2629 1228 2693 addi-

176 2736 260 2800 derit
282 2753 314 2796 es
335 2728 445 2795 Afran.
468 2731 528 2814 frg.
552 2735 631 2800 215:
656 2757 687 2813 a,
711 2739 745 2799 la
768 2734 915 2816 eloqueas
936 2732 1031 2797 ilicet.

260 2837 366 2914 Atque
387 2838 462 2913 post
493 2839 536 2899 ta
565 2856 738 2916 pronomen
761 2839 872 2902 deesse
895 2853 989 2918 posse
1012 2855 1051 2898 es
1072 2833 1232 2898 debebant

176 2957 239 3020 iam
270 2934 394 3018 pridem
424 2936 594 3002 concedere
615 2940 677 3004 viri
706 2941 792 3004 docti
813 2939 869 3020 qui
900 2957 985 3002 sam
1013 2936 1103 3017 passi
1124 2938 1231 3001 essent

177 3048 252 3128 post
274 3062 290 3104 e
296 3057 343 3123 90
367 3054 539 3116 pronomen
562 3041 676 3120 omitti,
700 3041 789 3106 velut

262 3143 357 3209 Mero.
380 3157 409 3203 v.
433 3139 496 3203 919
528 3161 583 3224 epo
604 3143 747 3220 stultior,
781 3143 836 3225 qai
857 3142 912 3205 isti
936 3141 1071 3205 credam.
1115 3138 1230 3219 Amph.

178 3272 206 3315 v.
229 3250 271 3314 56
294 3243 350 3309 sed
378 3260 432 3323 epo
461 3242 607 3321 stultior,
641 3246 736 3327 qnasi
765 3246 907 3309 nesciam
937 3263 991 3307 vos
1020 3241 1105 3306 celle.
1148 3241 1230 3305 Men.

179 3373 207 3417 v.
230 3350 292 3414 433
326 3344 382 3409 sed
404 3362 458 3424 690
479 3345 632 3424 inscitae,
656 3349 712 3429 qai
739 3347 906 3430 postulem.
950 3344 1032 3410 Men.
1055 3364 1083 3409 v.
1107 3343 1170 3408 605
1192 3365 1233 3407 ae

179 3475 233 3538 690
256 3451 378 3515 ecastor
399 3446 514 3510 multer
536 3449 661 3515 misera.
705 3450 781 3514 Heu.
804 3468 832 3512 v.
856 3449 920 3513 554
942 3449 999 3512 sed
1020 3468 1074 3530 690
1096 3445 1233 3523 slultc‘or,

179 3557 256 3621 meis
279 3548 372 3615 dictis
396 3548 451 3627 qul
467 3568 587 3630 parcre
609 3552 692 3616 banc
718 3551 885 3633 postulem.
930 3549 1020 3615 Caec.
1044 3547 1103 3630 frg.
1136 3547 1235 3612 9sed

181 3678 235 3742 690
256 3651 411 3719 stolidas:
431 3652 631 3731 protelatam
651 3656 723 3719 merl
745 3653 909 3735 oportebat
924 3653 1029 3734 prius.

266 3759 373 3834 Atque
397 3749 492 3814 etiam
515 3758 601 3835 apud
625 3756 806 3822 Ciceronem
829 3776 900 3819 sam
921 3754 1052 3819 verbum
1075 3753 1167 3816 deest
1190 3752 1232 3815 ad

180 3865 247 3928 Att.
264 3857 320 3935 IV,
344 3851 395 3929 15,
418 3853 438 3916 6
461 3856 517 3917 sed
530 3857 587 3922 boc
604 3881 644 3923 ae
662 3861 807 3937 cararls;
831 3878 884 3941 690
899 3859 1038 3938 ineptae,
1062 3855 1117 3936 qai
1132 3855 1235 3935 scrip·

181 3965 295 4040 serlm;
326 3953 470 4040 I‚17‚9
502 3979 555 4040 690
572 3963 728 4043 princeps
754 3963 790 4025 ia
813 3959 1013 4024 adiutoribus
1036 3961 1131 4037 alque
1154 3955 1234 4019 adeo

181 4064 356 4142 secandas,
387 4074 465 4120 0000
492 4055 630 4129 Crassus
658 4064 795 4145 impulit.
838 4062 952 4144 ltaque
981 4059 1062 4125 falso
1090 4078 1123 4122 es
1145 4057 1235 4121 addi-
