2768 4710
523 332 736 397 „69-

107 499 216 565 omissi
239 503 328 568 Adel.
345 523 374 570 u.
388 502 430 568 46
452 505 525 567 poti
544 504 607 584 ficii
629 505 691 569 duo
713 503 752 571 cf.
768 504 828 569 Ad.
852 502 914 571 867
930 504 1029 569 Andr.
1046 524 1073 570 v.
1090 504 1151 571 891

105 601 231 668 Dacos
261 626 344 670 000000
377 605 468 670 liberi
506 607 628 670 iacenti
655 607 755 671 incito
785 610 884 688 patre
911 606 1001 672 Adel.
1031 624 1060 671 v.
1090 607 1154 671 230

104 711 227 789 emptae
244 708 393 773 mulieres
411 708 585 789 complures
603 713 633 772 ei
649 710 724 773 item
737 709 811 773 iriae
833 710 902 775 clia
924 729 1005 791 qaae
1026 747 1068 756 —
1091 709 1153 775 792

100 814 247 890 paratae
270 810 359 876 lites:
380 810 680 889 succurreodamst;
703 809 830 875 Phorm.
855 811 915 876 133
938 816 971 875 et
985 811 1044 876 331
1070 809 1154 876 Nos·

106 917 189 976 uam
213 914 352 978 moriam
373 913 471 976 citam
500 913 537 976 irc
560 933 620 994 qao
648 917 777 977 nostrae
798 934 870 995 spes
892 934 1026 996 opesque
1049 933 1154 979 0000000

105 1013 212 1078 sitae?
233 1033 263 1096 p.
286 1014 337 1079 27.

191 1117 313 1184 Deinde
327 1134 444 1199 magna
466 1117 556 1196 copia
572 1116 781 1198 exemplorum
798 1118 959 1183 invenitur
980 1117 1011 1182 in
1028 1116 1152 1183 Cicero-

107 1219 155 1284 nis
188 1220 347 1300 epistulis,
377 1237 512 1301 quorum
543 1220 693 1285 nonnulla
723 1219 775 1285 hic
805 1219 951 1286 adscribo
973 1220 1044 1285 ideo
1067 1221 1152 1300 quod

105 1328 250 1403 pugnant
280 1328 390 1386 contra
418 1320 503 1386 viros
534 1321 659 1401 doctos,
690 1321 745 1402 qui
777 1327 823 1387 est
843 1321 1035 1403 singularem
1057 1340 1152 1403 saepe

105 1421 185 1487 falso
206 1423 406 1488 inseruerunt
428 1422 468 1486 iis
483 1421 568 1502 locis,
591 1424 706 1506 quibus
721 1429 799 1488 serit
818 1423 927 1489 deesse
942 1425 1011 1506 pati
1026 1424 1151 1489 debent.

109 1527 214 1607 Atque
243 1526 379 1607 primum
412 1525 540 1606 quidem
572 1544 610 1589 ea
641 1526 816 1592 omissionis
846 1527 1004 1608 exempla,
1037 1526 1151 1610 quibus

105 1645 273 1709 pronomen
304 1627 464 1692 invenitur
486 1628 681 1706 subiectum,
712 1629 774 1694 iarn
798 1634 1034 1711 exspectamus,
1064 1627 1150 1694 velut

106 1731 148 1794 au
171 1729 244 1794 iam.
267 1731 327 1807 III,
353 1731 402 1811 10,
434 1731 454 1794 9
487 1735 581 1812 cique
602 1731 680 1795 iroec
702 1731 892 1811 domestico;
924 1731 965 1795 ad
989 1731 1055 1796 Ati.
1077 1731 1151 1813 XII,

105 1834 177 1914 2,2
206 1834 263 1897 sed
292 1833 369 1898 hoec
401 1832 596 1911 tolerabilia,
618 1835 712 1910 -,9
743 1834 800 1898 sed
829 1855 930 1916 oeque
952 1835 1030 1899 hoec
1052 1834 1151 1918 oiiprro

105 1936 296 2020 loppioribas
326 1936 521 2015 103000ομ-
546 1935 599 2014 VI,
629 1935 658 2012 2,
688 1933 708 1998 5
738 1941 834 2020 proin
863 1937 941 2001 icccc
972 1940 1003 2000 ei
1031 1956 1150 2019 mappa

103 2038 242 2120 mihique
256 2039 399 2102 academ
413 2038 588 2102 laborioso:
612 2073 649 2081 -
666 2037 721 2114 XI,
738 2038 788 2116 20,
804 2038 824 2101 3
839 2043 916 2103 atro
931 2058 1003 2121 erpo
1019 2038 1150 2103 casira?

103 2142 209 2205 medio
230 2141 314 2205 orriri
344 2140 426 2205 tortu
444 2140 623 2216 Arctorrirrs,
645 2139 705 2203 iilo
725 2140 870 2221 iruirroa,
901 2140 978 2205 haec
1000 2141 1150 2223 rceforio5

103 2279 145 2289 -
168 2242 192 2322 1,
220 2242 272 2320 20,
299 2243 319 2308 5
350 2243 440 2323 capit
469 2241 685 2322 triumphare:
720 2241 776 2305 icoc
803 2242 912 2307 003000
941 2242 1151 2321 mediocrias;

105 2350 209 2411 cetero
231 2346 374 2429 apropia,·
397 2382 437 2390 —
459 2343 498 2422 X,
531 2343 580 2421 18,
608 2343 628 2405 2
657 2343 705 2406 ito
735 2344 842 2407 amaia
874 2344 971 2408 torcio
992 2344 1152 2410 adiacet

102 2449 207 2530 spisso
230 2483 269 2490 -
292 2447 346 2526 IX,
370 2447 420 2524 12,
445 2449 459 2509 1
486 2446 593 2509 oroma
615 2465 685 2509 carr
707 2444 838 2509 honesto
860 2451 926 2510 tora
948 2451 1053 2511 coeto.
1152 2448 1158 2458 ¹

188 2550 357 2615 Addantur
391 2547 535 2630 exempla
564 2546 678 2628 quibus
707 2546 943 2612 substantivum
976 2548 1149 2630 praebetur

102 2654 297 2732 subiectum,
325 2669 407 2732 quae
436 2671 455 2716 a
484 2649 643 2732 prioribus
675 2649 727 2713 vix
757 2649 897 2715 distant:
926 2651 967 2715 ad
991 2652 1057 2715 Att.
1079 2651 1105 2730 I,
1130 2653 1146 2717 1

104 2758 326 2839 competitores,
350 2755 405 2834 pai
424 2754 501 2818 certi
516 2774 581 2818 esse
597 2753 776 2830 rideantur,
802 2751 909 2818 Galba
924 2758 955 2817 ci
967 2753 1148 2832 aenaeae

100 2858 156 2938 IV,
188 2858 217 2935 8,
246 2859 266 2922 3
298 2856 465 2921 coodidcti
500 2875 604 2920 00000000
633 2855 681 2918 rei
713 2854 867 2933 ombiias;
901 2857 1024 2920 cccciii
1052 2857 1148 2920 eriam

106 2961 283 3038 &abirim
311 2958 382 3036 VII,
405 2959 456 3038 21,
479 2957 499 3022 3
528 2959 596 3039 ipse
625 2977 673 3022 roc
699 2953 820 3021 Caesar
842 2958 887 3022 od
902 2978 1018 3039 pacem
1039 2959 1147 3024 horto·

103 3069 169 3142 tar,
200 3062 257 3127 sed
277 3061 474 3142 ootipaiorcs
496 3060 636 3136 litterae,
660 3079 756 3140 qaam
776 3081 870 3125 ruere
894 3062 1013 3144 coepit·
1034 3060 1074 3139 X,
1098 3061 1147 3139 10,

100 3167 122 3229 4
149 3166 187 3229 de
209 3163 470 3228 Massiliensibus
490 3167 603 3245 pratae
626 3166 700 3226 tuoe
730 3161 807 3225 mihi
836 3163 980 3242 litieroe;
1009 3162 1094 3241 XIV,
1117 3161 1147 3242 5,

103 3268 119 3330 1
143 3269 237 3351 sipon
258 3266 347 3344 bello,
371 3266 456 3347 qaooi
481 3263 624 3330 Ooioerro
644 3263 768 3328 moleste
788 3264 862 3345 fert,
883 3265 945 3329 iiio
967 3265 1060 3348 sipoo
1082 3285 1147 3329 corr

101 3370 183 3434 borio
204 3391 266 3447 -,·
289 3367 356 3449 XV,
380 3369 420 3432 25
443 3369 482 3432 dc
502 3387 569 3431 roeo
589 3368 703 3431 itinere
724 3367 835 3430 coriae
856 3369 1040 3432 scrrierctioe.

188 3472 289 3553 Saepe
315 3472 410 3535 etiam
439 3470 524 3551 apud
547 3468 688 3550 perfecta
710 3468 868 3534 omittitur
894 3473 983 3533 scrut:
1014 3469 1055 3533 ad
1078 3469 1146 3534 Aa.

101 3575 155 3655 IV,
181 3574 272 3654 17,3
301 3594 353 3637 res
383 3573 480 3650 cedit,
516 3572 643 3636 comitio
674 3571 778 3635 dilato
810 3593 849 3635 erc
878 3569 983 3650 sete
1011 3570 1082 3648 XII,
1106 3571 1147 3636 14

100 3677 152 3743 Dc
174 3677 275 3742 Brati
297 3677 411 3741 litteris
431 3676 548 3756 scripsi
569 3675 614 3738 cci
636 3678 683 3737 te:
709 3674 887 3754 praeco
908 3674 1062 3755 scriptae,
1091 3674 1148 3738 sed

101 3779 191 3857 aiiii,
213 3779 270 3843 seoi
291 3776 372 3842 rriirii
394 3777 478 3859 qood
497 3778 733 3841 mendicaverat
752 3776 841 3854 XIII,
862 3773 912 3855 52,
935 3777 955 3840 2
972 3779 1146 3857 praetereo

102 3881 201 3946 oribus
228 3880 378 3945 tricliniis
400 3882 523 3961 accepa
552 3873 583 3942 oi
606 3875 684 3961 περὶ
706 3870 802 3940 deor
825 3880 963 3959 copiose,
994 3879 1145 3942 ioaiiores

101 3985 260 4068 ciepcrrter
293 3985 416 4063 accepti
443 3981 481 4060 V,
513 3982 543 4061 3,
575 3983 595 4045 2
626 4000 763 4061 proram
789 3981 910 4045 oiicroe
941 3981 1077 4044 edicturm
1105 3977 1144 4043 P.

100 4086 222 4150 Licirrii
252 4084 422 4163 habebant,
454 4084 575 4149 alterae
606 4083 782 4163 rescriptae
812 4084 857 4148 ad
883 4103 970 4147 meas
999 4081 1145 4147 Mirator·
