2790 4988
593 296 805 372 -59-

174 490 274 538 mum
304 474 390 540 erit
416 493 457 541 es
486 475 547 542 sic
569 475 691 558 plena
720 474 851 543 forma
874 475 1025 558 ubique
1047 473 1222 556 sribere‚

175 594 253 658 quo
271 575 598 643 luculentiusiit
616 576 742 644 etiam
759 579 934 661 primum
951 575 1221 644 intuentibus

174 677 282 744 lieri
304 697 379 744 non
407 697 545 762 posse,
576 686 622 745 ut
648 679 749 748 haee
778 681 944 766 syllaba
973 678 1138 747 omnino
1160 678 1222 743 in-

174 785 313 848 tereat
335 781 488 848 coalita
510 801 595 849 eum
624 803 671 850 us
700 781 1013 850 terminatione.
1077 769 1083 783 ’

260 882 328 951 iam
350 903 482 968 agemus
503 885 544 952 de

464 1025 583 1144 prima
603 1059 757 1145 pluralls
779 1075 933 1144 persona

260 1194 384 1260 omissa
428 1197 534 1277 Atque
551 1197 591 1263 de
605 1196 690 1263 Trin.
710 1216 739 1263 v.
756 1198 817 1264 491
839 1217 950 1263 auum
964 1216 1023 1261 uos
1038 1192 1222 1261 homunculi

176 1295 316 1363 sitellam
337 1300 464 1364 auimoe
485 1300 550 1365 iam
572 1300 748 1383 egimusp.
764 1301 793 1366 6.
836 1298 994 1364 Addimus

259 1400 340 1464 Rud.
363 1420 393 1466 ι.
412 1402 475 1468 370
504 1402 621 1485 Itaque
642 1423 700 1468 uos
720 1403 883 1485 acutisque
902 1399 1114 1483 fluctibusque

258 1501 408 1569 Iactatae
420 1504 570 1588 exemptus
575 1505 739 1588 pteuumis
748 1506 883 1570 miserae
888 1507 1080 1586 perpetuom
1091 1507 1221 1568 uectem,

268 1605 330 1671 Via
350 1607 441 1672 todia
463 1606 508 1672 cd
529 1607 605 1673 litus
628 1608 767 1691 pertulit
795 1626 853 1672 uos
874 1610 986 1672 ocutus
1008 1607 1219 1671 euauuuotos.

175 1706 238 1773 Hic
267 1714 398 1790 propter
426 1731 536 1775 sunus
564 1710 695 1777 verbum
725 1711 876 1776 omissum
909 1708 1062 1774 statuisse
1092 1708 1220 1772 videtur

173 1808 326 1876 Fleckeis.
349 1812 508 1877 lacunam:
539 1813 684 1895 equidem
706 1819 860 1895 exputare
888 1829 949 1877 non
969 1811 1108 1893 possum,
1140 1809 1218 1891 quid

176 1930 275 1977 nexus
307 1915 536 1980 sententiarum
570 1916 666 1981 etiam
699 1916 741 1980 ad
773 1912 1034 1998 perspicuitatem
1067 1912 1217 1995 postulet.

174 2014 366 2098 Perpetuam
389 2022 511 2082 noctem
536 2017 712 2084 miserrime
733 2016 882 2085 fluetibus
903 2017 1043 2082 iactatae
1061 2020 1145 2095 sunt,
1167 2014 1219 2080 die

173 2116 350 2200 insequenti
375 2124 488 2185 ventus
513 2138 567 2186 eas
589 2120 630 2184 ad
654 2121 736 2186 litus·
751 2120 885 2202 appulit.
929 2119 1013 2196 Quid
1036 2118 1220 2184 desideres?

174 2219 297 2286 Deinde
318 2238 348 2286 ι.
368 2220 432 2287 374
461 2221 637 2305 Neptunus
657 2224 761 2288 iactet
783 2224 884 2288 mauis
905 2225 935 2288 st
956 2241 1038 2305 quae
1058 2219 1219 2302 improbae

172 2327 250 2388 suut
269 2344 387 2390 merces
409 2343 468 2389 non
491 2324 588 2391 etiam
610 2326 736 2408 longius
756 2346 777 2392 a
797 2327 939 2402 iactatae
961 2324 1083 2405 diiungi
1097 2327 1219 2405 potest;

171 2446 281 2491 sumus
302 2432 409 2493 autem
433 2427 484 2492 hie
506 2427 599 2493 facile
614 2429 723 2494 deesse
746 2434 854 2510 potest
874 2436 1005 2510 propter
1028 2425 1219 2491 antecedens

172 2547 345 2610 pronomen
364 2535 398 2596 et
416 2528 598 2596 conferatur
619 2530 712 2595 velim
733 2531 831 2596 Andr.
854 2549 883 2595 v.
904 2530 968 2596 285
990 2548 1056 2620 <eos
1073 2532 1218 2607 semotae,

172 2651 231 2697 uos
253 2623 334 2697 soti‘.
377 2631 493 2698 Durior
515 2634 642 2700 omissio
658 2634 805 2714 occurrit,
828 2638 865 2698 ut
886 2633 950 2697 iarn
967 2631 1102 2697 vidimus
1125 2650 1155 2713 p.
1174 2630 1215 2694 37

257 2734 339 2800 Rud.
362 2752 390 2798 ι.
407 2733 471 2800 690
491 2736 617 2819 sipuum
637 2737 674 2802 iu
690 2738 771 2820 fauo
787 2737 844 2803 toa
859 2737 949 2802 tutata
978 2735 1117 2813 Verteris,
1135 2734 1220 2816 quod
1324 2731 1326 2735 ⁴

171 2835 338 2918 uupzuae
358 2837 448 2902 modo
469 2834 556 2903 uude
576 2839 727 2921 abreptae
744 2861 806 2922 per
826 2841 890 2904 um
910 2839 1045 2904 miserae

260 2943 294 3002 et
314 2957 345 3020 p.
358 2939 397 3003 17
416 2957 444 3004 v.
455 2937 520 3006 453
542 2939 617 3005 Iam
624 2940 703 3022 plue
719 2941 798 3007 uicti
810 2941 894 3007 ilud
907 2941 997 3006 uobis
1013 2941 1099 3019 uicit,
1122 2960 1218 3021 quam

169 3043 274 3104 ratae.

256 3159 286 3222 p.
303 3142 346 3207 40
368 3142 458 3210 (lure.
481 3162 510 3208 n.
526 3144 589 3210 353
615 3143 725 3210 Omnis
745 3167 797 3211 res
811 3150 969 3228 paratust
987 3150 1090 3210 etuas
1104 3143 1218 3225 quibus

163 3248 325 3324 paratum
346 3246 507 3312 adsumus.

255 3345 438 3430 Postquam
452 3352 558 3415 cecati
579 3356 675 3434 atquc
703 3351 822 3432 adpeti.
854 3351 935 3417 talos
959 3350 1064 3432 poscit
1091 3349 1151 3414 stet
1180 3349 1217 3413 iu

168 3468 302 3514 mouuuu
322 3521 324 3526 Α

240 3568 338 3637 ,quae
353 3554 498 3635 exempla
513 3573 603 3620 nemo
619 3556 810 3638 mutavit1).
852 3555 963 3638 Neque
982 3555 1087 3621 minus
1101 3554 1215 3621 saltem

170 3652 266 3720 facile
289 3654 450 3721 omittitur
1110 3664 1111 3667 ’

245 3909 270 3974 1)
288 3913 424 3962 Notissima
442 3919 500 3961 sunt
517 3920 630 3977 exempla
647 3921 720 3977 quale
738 3922 776 3966 est
793 3919 854 3966 Aen.
875 3918 919 3974 XI,
939 3919 988 3965 248
1002 3925 1129 3978 postquam
1141 3918 1215 3964 iutro-

166 3995 250 4060 prem‘
264 4003 287 4045 et
304 4012 385 4048 coram
403 4000 463 4048 data
480 4001 550 4061 copia
564 4003 645 4062 fandi,
664 4019 763 4051 mouera
777 4003 936 4064 praeferimus
941 4018 952 4061 ;
970 4010 995 4050 et
1012 4003 1112 4052 similia.
