2768 4710
251 621 461 686 Ritschclium
498 621 700 685 notissimum
737 624 787 685 est
823 621 863 684 de
898 618 987 684 verbi
1023 617 1216 684 substantivi

164 726 251 806 apud
280 725 431 788 Plautum
470 725 640 788 omissione
676 722 737 787 hoc
774 722 888 788 tulisse
925 721 1078 787 iudicium
1115 721 1214 803 (Prol.

165 848 196 909 p.
220 826 325 910 CIX):
362 827 431 907 Quo
462 825 605 891 Plautus
632 846 774 891 sermone
804 826 908 890 utitur
938 825 983 889 ad
1009 824 1094 889 ottae
1120 844 1215 889 osum

165 950 357 994 commoneor
380 930 558 1009 composita,
581 928 621 993 ab
642 948 677 992 eo
699 932 731 992 ot
749 931 816 1006 ,est‘
839 932 871 992 et
890 931 944 1007 ,es‘
965 926 1052 992 verbi
1073 927 1213 992 moissia-

162 1053 235 1096 roem
253 1052 324 1096 coro
346 1053 367 1095 o
385 1031 489 1112 poetis
504 1036 570 1096 troo
591 1030 837 1112 ascriptoribus
857 1031 1096 1112 frequentatam
1110 1029 1213 1094 soien-

164 1134 241 1198 doro
262 1137 309 1197 cst
330 1133 456 1197 ororrr‘oo
478 1154 544 1197 csse
565 1133 707 1198 alierum
733 1153 792 1198 occ
814 1133 879 1196 uisi
906 1132 1083 1197 rarissimis
1105 1130 1213 1197 1011111-

154 1235 308 1299 rioribus
333 1235 512 1316 probatam.
564 1236 671 1316 Atque
700 1233 845 1316 profecto
873 1234 928 1316 qui
959 1235 991 1298 in
1022 1235 1215 1300 carminibus

164 1342 333 1419 poctarum
349 1338 535 1417 Augustaaa
557 1337 673 1402 aetatis
687 1337 737 1402 vol
753 1338 832 1402 adeo
848 1337 953 1402 Taciti
968 1336 1058 1402 libris
1072 1337 1215 1420 legendis

165 1444 312 1504 vorsatus
328 1440 498 1504 accesserit
512 1441 555 1503 ad
569 1439 679 1505 Plauti
692 1438 828 1519 fabulas,
850 1440 878 1504 is
893 1440 1080 1521 admiretur,
1095 1446 1215 1522 quanto

165 1541 270 1605 rarius
293 1539 332 1603 ab
355 1538 416 1605 hcc
439 1542 630 1606 admittatur
651 1541 740 1607 vorbi
762 1542 933 1607 ommissio.
989 1565 991 1568 ⁴

251 1642 372 1707 Verum
394 1644 491 1707 ctiam
506 1644 644 1708 sermoni
665 1641 817 1708 familiari
832 1648 929 1726 atquo
944 1645 1115 1725 cotidiano,
1138 1664 1216 1727 qua·

164 1747 204 1811 lis
227 1745 396 1811 Plautinus
419 1750 478 1824 ost,
501 1763 572 1810 cum
595 1746 628 1809 in
651 1745 723 1810 aliis
744 1745 863 1825 linguis
885 1750 1014 1827 practer
1035 1746 1116 1811 alias
1137 1746 1217 1812 hacc

163 1849 309 1927 licentia,
340 1866 422 1930 quac
452 1847 560 1928 posita
589 1852 638 1912 est
666 1848 699 1911 in
727 1846 823 1912 verbo
854 1846 1055 1913 substantivo
1086 1849 1215 1930 omisso,

165 1952 350 2016 conceditur
371 1954 440 2014 tum
463 1970 483 2014 a
504 1950 614 2031 lingua
634 1951 752 2015 Latina
781 1970 851 2016 cam
872 1971 935 2015 non
957 1950 1093 2016 alienam
1115 1951 1216 2017 fuisse

165 2055 280 2118 docent
295 2072 353 2116 nos
376 2053 399 2116 ii
421 2053 606 2134 scriptores
628 2054 683 2135 qui
699 2052 781 2118 alius
803 2055 921 2119 aetatis
942 2053 1098 2135 praebant
1119 2055 1214 2120 huius

165 2157 320 2220 sermonis
341 2156 521 2237 imaginum,
550 2156 638 2222 velut
660 2156 839 2235 Terentius,
870 2154 981 2220 Cicero
1002 2156 1036 2220 in
1058 2157 1214 2238 epistulis

165 2256 321 2320 Horatius
343 2258 376 2320 in
393 2259 513 2338 satiris,
535 2259 713 2323 Petronius.
746 2257 861 2340 Itaque
881 2258 1010 2322 minimo
1028 2262 1215 2339 exspectan-

167 2360 241 2423 dum
265 2360 323 2422 scd
353 2361 432 2424 satis
456 2361 636 2426 mirandum
660 2365 761 2440 essct,
791 2360 820 2422 si
841 2359 976 2423 Plautus
1009 2358 1049 2423 ab
1071 2359 1131 2425 hoc
1153 2377 1214 2425 usu

167 2461 254 2526 solus
284 2461 405 2525 secludi
435 2461 573 2526 deberet.
617 2461 711 2526 Unda
739 2465 846 2525 autem
877 2460 939 2524 nisi
967 2479 1005 2524 ex
1026 2460 1117 2525 libris
1139 2479 1214 2526 mss,

167 2565 337 2643 discamus
359 2581 455 2644 quam
473 2563 557 2627 viam
580 2564 743 2649 ingressus
766 2563 810 2627 sit
823 2561 968 2641 Plautus,
991 2562 1140 2643 quoniam
1161 2581 1215 2627 vc·

167 2671 272 2731 terum
304 2667 583 2747 grammaticorum
611 2664 795 2730 testimonia
826 2683 889 2728 non
912 2665 1062 2729 exstant?
1104 2664 1148 2730 nt
1169 2664 1217 2730 illi

169 2770 248 2834 satis
270 2769 387 2832 acriter
408 2773 554 2850 pugnant
575 2772 687 2834 contra
702 2766 871 2832 Ritschelii
892 2767 1091 2831 sententiam.
1133 2765 1216 2832 Nam

167 2873 306 2954 primum
328 2871 456 2953 quidam
478 2891 596 2949 samos,
620 2870 702 2948 ostis,
724 2874 809 2948 sort,
831 2889 902 2934 som
923 2867 1098 2934 formarum
1120 2869 1215 2935 omis·

167 2975 215 3039 sio
238 2973 339 3037 multo
361 2973 460 3037 latius
482 2978 590 3054 patet,
613 2991 709 3054 quam
731 2971 926 3037 Ritschclius
955 2976 1023 3035 tum
1045 2990 1216 3053 perspexe-

168 3081 236 3156 rat,
270 3094 341 3139 cum
372 3074 601 3156 Prolagomcna
634 3093 706 3139 cum
742 3093 867 3138 summa
896 3073 1001 3138 saluta
1034 3075 1216 3139 studiorum

168 3177 390 3242 Plautincrum
412 3175 580 3256 scribebat,
603 3181 636 3242 ct
658 3180 785 3241 exstant
805 3175 869 3240 loci
889 3195 952 3240 non
973 3177 1078 3257 pauci,
1100 3175 1216 3258 quibus

169 3279 298 3345 omissio
320 3279 466 3344 excusari
487 3298 550 3342 non
571 3283 681 3361 potest
702 3277 861 3343 rhetorico
882 3296 998 3360 genera
1019 3278 1145 3343 dicendi
1166 3277 1217 3343 vcl

170 3381 380 3447 commotione
402 3380 499 3446 animi
529 3380 580 3446 vel
609 3379 672 3446 alio
694 3383 882 3462 argumento
912 3396 1042 3461 sensus,
1072 3380 1128 3462 qui
1157 3397 1217 3446 nos

169 3483 257 3550 haud
278 3501 352 3548 raro
375 3481 486 3548 fallere
507 3481 597 3548 solat.

995 3590 1008 3648 1
